sale_id,id,sale_quantity,collection,image_url,time,event_type,seller_wallet,buyer_wallet,block_hash,sale_currency,sale_price,curr_to_USD,USD_price
2645627906,8588,1,boredapeyachtclub,https://lh3.googleusercontent.com/vKiS9TQN-GU_golZfsUOfYelA99E_d2Jya_2flps8yYKYQdBTuHjNljdEXKBKqq1ae6fCKH1b84t4YsiQNW3WwZGejSm8dwxfw4wEA,2021-12-28T12:00:38.507537,successful,0xcab07690c44d621996df29ed262c20cf40986598,0x2023f50f89adebdb60e5a7c1f45889ab06b9da04,0x898df0e918db58fdae040a64cdb564d96d3df584d3fab82f24a54e4524d3aa5f,ETH,59.0,3927.08,231697.72
2644949561,100,1,boredapeyachtclub,https://lh3.googleusercontent.com/0zOSheuS9qYJbH9PkOoT8zc-0xHTdUNmuPfy4G4qFysNWO4Qw0OaiXEUdDNK6f1HnyZ8DAhW-8MjW9OBzu1gxWhI-wFsS5oexDFwaYo,2021-12-28T10:43:59.448247,successful,0x5c8ab5777d280f7a431d775d7df37e5b4b584819,0xfdd766042d95a47800d500f71e0f55267c783f50,0xf1dbf729fe82f9c48d909b71511529f0916bc26586f72bc549b36ec26818a39b,ETH,70.0,3927.08,274895.6
2643023427,1685,1,boredapeyachtclub,https://lh3.googleusercontent.com/B8bbk6WddXZcwsC4DH9_2uBTbBvCEt0vk1sMCJ-p4VpEAs3nfE_2JYGrNswkdjAE2lVscJaiuCiM1jcp5Jo_Uepw4OWfC7vgFsijxNA,2021-12-28T06:55:21.186927,successful,0x99127d1336b5b32cc552e21d5d302520fd8b7bce,0xc4fc92b0cf993b4fe0895aaabf4ba02ecbf45b50,0xc743a8c39027642549a0d6c1c182d14cfdf8ed3c1d9a1ffe8cc0bce7713e78e2,ETH,62.0,3927.08,243478.96
2642943123,1128,1,boredapeyachtclub,https://lh3.googleusercontent.com/SqKqZAu5Bh1zmuLnYor8xd6JyGXGCwkp_RXB9DwsohMptVYF_-f93dQx0Vy60jPhHX3BhxXj-fK0O6D5B8T89QpAOAJLcRctKxhd,2021-12-28T06:45:02.334371,successful,0xefdee53249ef08013d31aeac2a738912197b7b5e,0xc4fc92b0cf993b4fe0895aaabf4ba02ecbf45b50,0x6cc4af23c4ff6cf27c2d4c18b4ff8f191383fc6e344fb5a1dc422f87385206f6,ETH,62.69,3927.08,246188.6452
2641248437,7946,1,boredapeyachtclub,https://lh3.googleusercontent.com/7x_54eifjIj4EQG12cbgH9x08_PN_M2sInAP8JeV-U-z42j28XBC2zcBblBADaGWukH2c7Z71x8eO517QvtBbd88PFFZv6GXnAXcWw,2021-12-28T03:32:38.028102,successful,0x816038f7817b1e11b68e30583a95483dfa1d21ed,0x805076bb8b11466ae76cfd2d4b67bcb69f449070,0x46b754fd226119bf0dbd0b81d91993cb6fe999689ebb4317600bd1e617afa9b4,ETH,60.5,3927.08,237588.34
2640812849,8898,1,boredapeyachtclub,https://lh3.googleusercontent.com/tKXB4qqlg_C1pc09B7lnFJMSbA84Rzbtja-kJ1bTjWyP7sGwQYUjJnWm42RNEho38mwgFRkDE_JpBnnj7g1kRlbr8gAgbro4pVHoiQ,2021-12-28T02:46:54.451878,successful,0xf696ab3e4f9d52482b8350ffae67d21fda78e601,0x4845481a008417f85980d834fb4b2baa558dc6f8,0x2fd44cb325d2025df06ed5927d9e818c4ceb071400b8dea5f925a05718e88009,ETH,63.0,3927.08,247406.04
2639953580,3991,1,boredapeyachtclub,https://lh3.googleusercontent.com/hepY2OioFC-CTac5xoMZksc2miUroRtPdObDu_lrQLVXY6uK_rOtN9MrvI--ii4sXyBqd9DorLREsWJlbD8gd2tOLGtepRme2Q-vcw,2021-12-28T01:04:25.996340,successful,0x2b5bf359827d89a1af72444241357cee6ebad2cf,0xa53cf9e377334e7da7550e644b815cc5cb74af23,0xe761ac26e462c4d74c7e3cb315c18ab102e84ad0fc409ec7ba51a92095f81e22,ETH,69.69,3927.08,273678.20519999997
2638301041,3213,1,boredapeyachtclub,https://lh3.googleusercontent.com/WE9C-qkkc4HmGbpJyhwAPZ3ieUAkp__Y3FvAgnNoK-9YooD3CzEEZDQ8Is9_CvFfMeJMQe0jxQHZO7IhTI7ifLXmAiB-dYc0OHun4Q,2021-12-27T21:15:13.662108,successful,0x49ca963ef75bceba8e4a5f4ceab5fd326bef6123,0xaf07d2587bad3d12d53dd053acd174dbb6479c94,0x22418cb0df1e2afb74d320b6491d854ec4d323aa629d8d743344f34eca23d2a0,WETH,67.0,3920.11,262647.37
2638155340,8147,1,boredapeyachtclub,https://lh3.googleusercontent.com/0j0aYc7K8ElP6gBkhXnUaNmHPw92dfrdMrfQY0Uqfji-I92OCPmscyQFlAZoWDSrzgvOHve05NX_7P_thMPJMmXy5A-wXeh11RhY,2021-12-27T20:56:45.686678,successful,0xc6c943c101caad4db436ef2a7716b516b74a98de,0x4649ce7677826620fcaf49956908a3aa7c8bbd8c,0x366b5511ba6bb1e3b23aec654afb934cf1287a418a7b47642597cc0daed563c9,ETH,67.76,3927.08,266098.94080000004
2637490075,219,1,boredapeyachtclub,https://lh3.googleusercontent.com/Kx8HyXfcpT9FdUme7L9l0IfK40ncC78whVHIVqQqNpQGUWokBWo_FhtQkJddmPjRb7uW9CclqYrgFAq14em_ByoispQ5YldJiW1CHA,2021-12-27T19:29:01.588435,successful,0xefebd7b349d456e7189f71cd10d3036f4f7ed939,0x3e5a860acd0606dbaf9165ba5ce29eb8b60e949d,0xa81e5c16d59759bfae4424e17bb8499a9477987d752a5f2a79c1f69d8704d91f,ETH,61.0,3927.08,239551.88
2637228719,1792,1,boredapeyachtclub,https://lh3.googleusercontent.com/J2VFX42c0_J4j7EwVD8Kdon-LpfBreXC_7Hp3qa0cAS0FBYLXEAEsDg7NfZi78Lea6f2WMgdhfWMuLNp3ht2BnMMpglAm3YqM5j7X04,2021-12-27T18:51:14.290013,successful,0x481aedf1faa72210f20c1466a14ca098f36c6f5f,0x8fe1de4c1f3887170e9f146d15135ae35763bea1,0x30c389196fb1cb7954c6cab0ebc3cff5c476022319dd5fc75dbadc03ac7de776,ETH,65.0,3927.08,255260.19999999998
2637099159,1435,1,boredapeyachtclub,https://lh3.googleusercontent.com/DTt0GpJMw0AqwlHNft57Q3u1B1uE_zuocW6_4ieA9f-ZJ0fcLUka5FxVNx_kqunD1jK15nySAmS_kutv2RbWG9AF69YvXZSMSIPoMQ,2021-12-27T18:33:53.650852,successful,0xb3e0a45eb952831a20ec1e1876ba706143a76623,0x8060ec8ffaef3021d83bbc7f5d88b262a52e449e,0x4cfe68f57baff96249266c6ace5270dd62866fafc34cf57345879f96d64211f9,ETH,65.0,3927.08,255260.19999999998
2636931021,6930,1,boredapeyachtclub,https://lh3.googleusercontent.com/KxrtESzicuz7nfmV6CpMAaIEW9kMU6tpB1_WlTk0ET3Fe7UQFX9Qxn6zoU7BRa8EJ9wZ66nXWieHtHCakD0P21IC7VY07CJiVTYGNw,2021-12-27T18:15:16.854670,successful,0x5ad3ec590312afde348ad615cbcd1d6f7713c4d1,0x94c8249a0cf419e5dd16526fda745c38f3a0ebea,0x40cc2dd4282e90c30cf6ff634f2bc64c320cafb25459d39fd70106a585caad8c,ETH,60.0,3927.08,235624.8
2636389076,4881,1,boredapeyachtclub,https://lh3.googleusercontent.com/dxiKvdX9JUEIA43FxO4yj_duGsru4m_hoVh2fiZubXCLR8KCOjHSzDavsE4ehfpbl3WUgeA8J1ZOEhyWdIxf359XBA2Jf47pLlVdgw,2021-12-27T17:00:26.495045,successful,0x733c5dd763d06988eabf4d0f9159a2b7c8104ed9,0xbbb677a94eda9660832e9944353dd6e814a45705,0xef383d91ef7a48732c35227dae7a3c0ef14fcdac1edefead464945737d68c851,ETH,60.0,3927.08,235624.8
2634594924,7311,1,boredapeyachtclub,https://lh3.googleusercontent.com/EK0UNVXc9NBRYQLu7hNdi-M0lbvibxeDSNkxVrLtvnwXb0tPaHm830HRHY1A6wdU8JEEpUtdW5bwzT9IVU1Dcx-ylytUCDgfX3VoUw,2021-12-27T13:55:27.852741,successful,0xa1f148b5e33869affebbfa3a808bbac9bd9d93e2,0x6e7592ff3c32c93a520a11020379d66ab844bf5b,0x0d2a6323694863dc1f8b0d479522d942eb25ad76ec3d51001c012f5471708246,ETH,68.0,3927.08,267041.44
2634453136,4935,1,boredapeyachtclub,https://lh3.googleusercontent.com/_rmQqnpcxQoC0P3drjBC09UrS23FuBeUWC_iBi5n88SYYD680pxXV5sUqtW0dgLnKZ9WB93f44il2-rkzcilYdb5vofyoJBu_uGWgA,2021-12-27T13:41:18.622261,successful,0x4ff05543d3a53ce52da701fba2af11255f0a066c,0x9d1150848bc75b45bcd1ebb466ae61dd8b93807e,0xa1a979b43c187687b955643d981b225138a7868f3156a72c665b10ecf00b003c,ETH,59.5,3927.08,233661.26
2634035932,4266,1,boredapeyachtclub,https://lh3.googleusercontent.com/wIeLo1a0hj25CmwYhxiN4HsAy17DRMknq1x0vPh3ApEmo-ofkaqOT5RyGuC9cKls4ZYc95j11Yu7Qm9UbZTVGujUcEo2gyVwwyPgccA,2021-12-27T12:57:51.739670,successful,0x31a47094c6325d357c7331c621d6768ba041916e,0xd27b7c6bd93f604bcd3497565f023652c2d13ce0,0xc2b656600ec94b12bfbba5f0a93aaf8449c5c52cad7e5fb8e816cd834716be24,ETH,66.0,3927.08,259187.28
2633588976,6708,1,boredapeyachtclub,https://lh3.googleusercontent.com/iMlngfplvxy1Z9BWvW3plotqFNPReZDovkbhH4X78KQuUMO0O4jxNpQ3bDuaskwWGQiPcGewKXqgpQalvqXYuTaoGe3sagHmACsZTHs,2021-12-27T12:12:21.466481,successful,0x805076bb8b11466ae76cfd2d4b67bcb69f449070,0x0e6b88404117ba46dc8653948e65a0bc10c56d11,0xe4453fb0dd98fc65e0492adb10715f80f42285be5ebf171405aaaeba3efb84ee,ETH,65.0,3927.08,255260.19999999998
2633080092,6098,1,boredapeyachtclub,https://lh3.googleusercontent.com/IngAhRv8MApDNDhzviuBkC2ZI5enImuMGaRMRC4jNBOW8EKbWweswLS4DS1KjcWo7jgs_oExP-KGtO6fJnDXeSHaGzpqlzb5l08QjQ,2021-12-27T11:18:53.146952,successful,0xb0166d8505b5cb790a3eb03ef5b12c35ee36fa21,0xb66e39960aa3e1f0e3ca4a7fb1214641358e7694,0x1eb0b7abddd27d56d656aa9983c1f820127bae0b2a91a360399eebe2c99ae157,WETH,75.0,3920.11,294008.25
2632698792,5573,1,boredapeyachtclub,https://lh3.googleusercontent.com/L4TjnPCQXFyvZn9zDTHldc3F5Ne2i3l8Kekjl5s6W7WtjIZSVHBxaifqHwv_gEgaDROZzIz3LoB2g5IpKW1plsinbVl9tMRJKrEnoA,2021-12-27T10:39:28.597572,successful,0x989c7f78b7c2a6e3cab0bdadce9481aee0a9ac6f,0x01c9e12c365dd28bd169efea6e5b7939a687c856,0x77a1f9c777e68c3833f83c3b2f6f2dec1172bf169d90336b4305368495763275,ETH,68.98,3927.08,270889.9784
2632167103,6914,1,boredapeyachtclub,https://lh3.googleusercontent.com/jpfaPaWIh_Po2h1ljORYFnTtOtfaHHE81YzBS6qA1r2tyDH2BzHXPk9mWNwpIs-6AjmntLSDynOdEPCVRuqIHdPfPjMaJS_sSGv2FzE,2021-12-27T09:41:17.962514,successful,0x65b1b96bd01926d3d60dd3c8bc452f22819443a9,0x1da3ec1387d7dd8c0f4453097d7c03e64fc4f1fe,0x617653096f4e8ff6f90fd0fed51bdf0b9fd0ce9e4c7dfee165b5f97ef9be6e0d,ETH,59.88,3927.08,235153.5504
2631539038,3553,1,boredapeyachtclub,https://lh3.googleusercontent.com/TlTD516mXIy1Wna392AlDXYzWtcp_mcS1By44186SBpp3PtJ4agnclEP1JC4-6DxOHKwtNobhzAZS-qwrIvm3CaNHa34LJXRuTN-RA,2021-12-27T08:26:55.584763,successful,0x90e5aa59a9df2add394df81521dbbed5f3c4a1a3,0x028b91c2da0eaacc4c6ba656e78d8e051a091540,0x330321e35f1cd3f2d9c78227d872464df42adb7c7c3a3886cd498a69040b88b6,ETH,75.0,3927.08,294531.0
2631487964,4591,1,boredapeyachtclub,https://lh3.googleusercontent.com/iQAo2vLzxexhYEHNofDLwr3DcLGVU963OBT2wwxwjZkkOvzYjVs-AqLJXAJENYTnSKRfATp4Dl1K3MhG6vgRgQ_dH6pv2BDEZ5OO,2021-12-27T08:20:58.740846,successful,0xc0ccf0efe0a7c3fe572a9697f48e63fb69ad0c75,0x30eb0de52a0aa2a4a9ed4e2bde87b0898ee2ccac,0x5a01460c36c033625bd55ed9ce0805862f944850dafabe86e41891801c4c81a6,ETH,59.0,3927.08,231697.72
2631349845,5204,1,boredapeyachtclub,https://lh3.googleusercontent.com/4OueBp8VzRTcRYmTkHzCGjhbIALHbvCKHzYsiUSvBblQJdXqZUTMaqAvHzl26w13Kfv6qH9bqFsaQooqX84c-eWFbzILi16cV4pz0Q,2021-12-27T08:05:55.518044,successful,0x75f6bdcc1f1468d301b8d910fab30631703be386,0xd3a9dccb4cfd983ff69e688ddb6491e010301b7a,0x312b0c325bd0a66c2d3e3b4c07f68a34fd99e6e829c670287b9744d1c0e7ee5a,ETH,78.0,3927.08,306312.24
2631225643,9648,1,boredapeyachtclub,https://lh3.googleusercontent.com/nwct5qw8JPVhrD14ccUApTXmOmR3p0fmroubNhRRwzI600hJYLVNJ1T5L6toZuSyMkZcZKqZf_Fi-6YfuvUfdmGIWMlE0aZMS2vS,2021-12-27T07:51:39.445359,successful,0xb1acfee71abf95b55aa503309910f11c6cb17303,0x74369ee21bfd455577feb34714db8ca4a34ebb0d,0xfa0396e35e3aca9afa4445732e134bf43db86197faf625ef3c882b872f450ec2,ETH,77.77,3927.08,305409.01159999997
2630907641,8041,1,boredapeyachtclub,https://lh3.googleusercontent.com/-7OfdP-tOVdh7HA-oBRLVKQ7j0UpmuV40uSawUBgttfgNU_YSfvImPCyE-RFS4fYPs2C02CrhqemLH6g1UZjCGDL3oesbIBuxmy-OB4,2021-12-27T07:16:51.083147,successful,0x76ea289c8dc50446ea604b89cbbfaf6086fd38a6,0x33347b240752eb888f39bdfe8467600303d48f8c,0x257cfd058947e6cb1e2937d9c480cac975eaa12c3af00b74d0b7a03ac381879b,ETH,59.6,3927.08,234053.968
2629823831,1039,1,boredapeyachtclub,https://lh3.googleusercontent.com/Gsyp3pWoA0VwxL4ycut3VR8r7kCrrO6qNGVQOuRKH__q6j7XeLZzhw9bQRoYefTTOtcC_9YrCI3wKpouwPtQNI5cxukSLGNugW0TAqA,2021-12-27T05:13:38.217909,successful,0x7e3f4949f786a9a7263b3018ee761af1c5c86063,0xc13568905df4473106f84f9c15b95e50be9ef099,0x8137a165ef90ee960ac20888611a262e9df5717e8f1700bf9b698350fa35ffe5,ETH,67.0,3927.08,263114.36
2629071820,5933,1,boredapeyachtclub,https://lh3.googleusercontent.com/7z2jr2l2aCNFVWm18qpJ0UEZ5nHycUWGiqhixYD6RH2Jt8acY_hBRYPfGxQOY6U6A98duNhFZa-aQmfpcXwoaqvzzqsRAS3bKvNtUg,2021-12-27T03:28:24.143719,successful,0xe9d421a0186ac2c3afe7855c698ff8f3156aad1f,0xa8f9c1dc37fc800c251c4780961794771b08621a,0xee40c333150c72c57d86b028e382a135ee3d3d56f3fa5cfe353c1de4172052dc,ETH,58.98,3927.08,231619.17839999998
2629016607,2768,1,boredapeyachtclub,https://lh3.googleusercontent.com/XTc6gAx7cn5E2JLN1g2ZyBH0IrDC0q4DA6nuUhjdVXZBHk7-ROnAqmGhRZe-x4kEihpbCOnQpNYb12KHhWiq4J3svangD6IgPKiKlw,2021-12-27T03:21:32.367503,successful,0xc35f3f92a9f27a157b309a9656cfea30e5c9cce3,0xd1afbe4da2a5adc6faf30fcbea9e4eea0ba8c70a,0x97ec8222b638e21d1892b4f95565a41e5b0e43a378cdbb0bc36a4029bfc579ee,ETH,69.42,3927.08,272617.8936
2628487133,5355,1,boredapeyachtclub,https://lh3.googleusercontent.com/ZT_W1lCQpr7pLEGYVdJSC-MjTCd8s3C6lnuxnWbftLdf2V5QOn7nFWcd9GvWKzMkmaIdl0dObbfxusXKFZ841a6c4ZX-JhNvZTTZTQ,2021-12-27T01:56:10.991367,successful,0x31ba8dc3538c6a87b957c48b674233efe7ef76f5,0x55a5a4b75b5b2e0c1fdfe5c5fb67103c32f50013,0x5ad6c759a30adab6f0a5a37287a5a2cbd4a472a49b43ec3b61c31680ac9c0675,ETH,63.0,3927.08,247406.04
2627345232,6613,1,boredapeyachtclub,https://lh3.googleusercontent.com/vPKzf7LK0aMpaEwqSZZxEUrIA50kSvssK0bj5B3bDiDKqg6MxwkLXDi_NVGFd_IUpP9iiAPc4-kpRQHxWiKheew0p4Jos5_85hUN,2021-12-26T23:23:14.357226,successful,0xf387fe663034291c46ca6245777d3fb7251c7735,0xe5df622a4a6a08ab74279f09bd9d065ed67364e2,0x67c49fad7784234b9a0bde966aa87bd2ce15e5456a569da6dd2ba813ac3733aa,ETH,60.0,3927.08,235624.8
2626399033,3651,1,boredapeyachtclub,https://lh3.googleusercontent.com/Z96Rxcu41duNrLMmGgZtyFYK49L9XY4-3OJiByljyWTsXZNsHvfeQ2UGZglm1PRuredVSsuZVWiv1UoKBS6uyGf28fF_WIUMKf0eBw,2021-12-26T21:40:20.246350,successful,0x54a25a05f1680928b2ae1469c6c2033794d6c45e,0xa3e15c7c2ec48454d222a581a6aa522f1d88f525,0xfef9d2ff4fb1577ede328a355fd855202e1f386b845b7786d1e0120733a5c4d2,ETH,59.69,3927.08,234407.40519999998
2625877552,5299,1,boredapeyachtclub,https://lh3.googleusercontent.com/L_tEgvABJcUA_dFBYqQ15jjOrq66BvspKPqWuKgof26UPNrBBw_-J0QpEimJzfzQPFIfleDGgL_M1URU-irO2uy-6_qkAaXYi0pg,2021-12-26T20:46:39.074300,successful,0xbaec9fc6cce5789ffd5b9831223658e16352b303,0x209dd6b80ab548128e9e57ba3f935e561ad68e89,0xede98e29568b2360d7ca30ca4ed39423dfd43c9eae3ffd019cb3eefca0dba3b5,ETH,60.0,3927.08,235624.8
2625410084,2997,1,boredapeyachtclub,https://lh3.googleusercontent.com/5fLUaF3-SNUFQNKNeo1RmfAv8C6yEXDltqSw3OMbjcjQ_cG0O_cYj-M3yWtz5TM0LTWb9K1b-QaDVaifpSqns1NCxfxGsokIJkHldOk,2021-12-26T19:59:28.673801,successful,0x10a2c688923f32b5f8ce70f7570080c724a59400,0x9137b8333df6a092f4ffe0f3ab4f91a9bb4d97f7,0x2efd7f71d7d7aed564b89fa2a5064f9afbfcd07f162bfe91dffa3803e5374627,ETH,67.89,3927.08,266609.4612
2624388532,9726,1,boredapeyachtclub,https://lh3.googleusercontent.com/IWZ-Fcfz89t1pOmxQpou1g8sI7zv4g0EbuLbnsRbRn6I4-P0xCv-9UoJ-By7Tsb20jd32cGut2DRyNZ3d9wSo23HKm-Z96CzZ_Hp,2021-12-26T17:56:25.260019,successful,0xeee5eb24e7a0ea53b75a1b9ad72e7d20562f4283,0x00df0a54fb57bb4a999b0e3e3746edf52ab44c7b,0x822876b789a99a88fbfb2d02661a6b4c8be3b9ee6baab5d291f9bbe77fa05383,ETH,59.77,3927.08,234721.5716
2624318929,7086,1,boredapeyachtclub,https://lh3.googleusercontent.com/WhJoz0lsN-jBJxQv_TSOApxiDrin5gWVvt097OhR46P_6Psu6tr8-HENep-klTHSaXjnnZD5-R1MDWgsgFF21hJOkNg2DjQsc5T25Rw,2021-12-26T17:48:34.852912,successful,0x31a47094c6325d357c7331c621d6768ba041916e,0x50b5ee4ccfb7b7e25721f6b8703fb11264bea4e2,0x27fd884a4a4b06af267755d9b5ca57b70db399ed4b6fb836d8e15c8e52d9022a,ETH,60.0,3927.08,235624.8
2624125864,1715,1,boredapeyachtclub,https://lh3.googleusercontent.com/2fVbKeoHYirWXv7jxnZZvKisY6tl4RrzhD9cqJhgrqWy3rIGXkT8voxbdzd6os1svE6WZI2l95otZMGbudAkXzXw6o3fCzGRJLzicg,2021-12-26T17:31:17.558744,successful,0xe27238044ca727a8502c97690c32eb67c14e07be,0x693c92342f54d8e344abae803971d36395676bec,0x3e8475baa49a56476a3ea5a9745f402bfe0649d6757fd735fd01b21baec0e7c2,ETH,58.88,3927.08,231226.47040000002
2624029616,606,1,boredapeyachtclub,https://lh3.googleusercontent.com/LfEZ81VBu6tOnC3kddEl5JKIOhzqIecs9_Xa5GIZqmOTzecehLXJFle-8pCx6m-XDNme9PRHTKom7oDOz2G1qwaGc8QxA7bfxXZNyw,2021-12-26T17:22:16.110542,successful,0x5ad3ec590312afde348ad615cbcd1d6f7713c4d1,0x2c2ed4b3876c442fee80bee76ce0ee2ca2a512af,0x2ef19f6ff20500470632d443d835714aa1bea5239f837a5cb9a43ce641ca27e3,ETH,60.0,3927.08,235624.8
2623893777,9571,1,boredapeyachtclub,https://lh3.googleusercontent.com/l9tJeTUtw8kRWcGK4bm1x1takGxs7zjQ2dFgQ-sHF13dWyZVzq4GdzEafWLpPQeKEPDjco1YM_BjKYNPJMzY4L2N0ukV9Le6-aK-Cvo,2021-12-26T17:09:08.181774,successful,0x0e2684da391e1599fb1af67f3902df134bd73622,0x47688f0c7f87413888a94c544f3ed856500229f8,0xde8b555a1729ae2f0b99205906f5c914caa1080453e35c3329dbc2d43b7222db,ETH,59.0,3927.08,231697.72
2623773595,8224,1,boredapeyachtclub,https://lh3.googleusercontent.com/u0M2yrhS_CyLrsRZ14MmMbhmVY-cd0EsOa8j0aYeLbIWm0w6sqTDY3IU72xoKkOGXgU18QrOaSVLtwosNvr3SImFVvE5-TbTjHpimQM,2021-12-26T16:56:45.897567,successful,0xbcb8c532636f9b6b59ef417203ce60c1577bbe19,0x2ce05594dce29fd077786e68b015c9456be502ce,0x1b3fed3c554561aa5aa7271232750122982e61cf522c49e086fe3a5528b7ad08,ETH,66.0,3927.08,259187.28
2623761868,1644,1,boredapeyachtclub,https://lh3.googleusercontent.com/k6wEp3ghsxcJ_n5G1EpUSzvCeYzKbKJEOVoPOHv6xPKxxKNKJ949TG6_PF6MSCg2vh1yr0LbSs0a89vWUKq0Tbg44bpNlHmbTeH2,2021-12-26T16:55:32.684176,successful,0x0d08ad2ab7893c04ecb460cbb6822b11c9e8904a,0xc9ff792d842ce164478d810437834725e4aa330e,0x45f283aa0834ae4161219a1f5d37d582e8af41cb7f55bbd851a4eaf5d85438b6,ETH,65.0,3927.08,255260.19999999998
2623716292,3634,1,boredapeyachtclub,https://lh3.googleusercontent.com/Ak4lU_R3VZc6kvRDBWyNx_UzkzytPrAqBO8mu7K-PC0aBPFn3rKEvP4NqUAAn2tRIWInYkFQg8L2XN9uieTrlXpSFZbhrqOyQIXXCso,2021-12-26T16:50:31.015458,successful,0x610bc94d0dc94884f3fd90136f93297284d18e14,0xf59671f486b8deb838afad2677f6c0c1f682c648,0xea71d78c7ae04f852bb15af171baf86d3508d65c51b1e52b5a2dee26127081cc,ETH,57.0,3927.08,223843.56
2623784472,3397,1,boredapeyachtclub,https://lh3.googleusercontent.com/0NcgDkSjtNh4Q2S-qUCGaqNHaRRf3YUxkDQ1ER6JGB5EV05vVtwQVrlt3F0oZ9fEf7WGDVyy_bCemFmdcTUWjWXCd6suKhQaarjlrW8,2021-12-26T16:58:00.163696,successful,0x2c2ed4b3876c442fee80bee76ce0ee2ca2a512af,0x0d6cfc385463ff9e6ab20a4a4f71f111b53a0942,0x5f4beff992a6d638f8cb5dde44ef25b2920c31ba111893cdc60cdf7ef95f9331,ETH,58.5,3927.08,229734.18
2623540012,8566,1,boredapeyachtclub,https://lh3.googleusercontent.com/FY6ydwtf7ld5rcF-vOkxwECxp-j1B-1JCDtS-9o09RD4m7L2BQBtZJZ97XiG5wsnzh-vTj7Vch0pPFEqPUaRI2ycNKt6Ltf092yMy68,2021-12-26T16:32:06.056214,successful,0xf4878734bed699ddae993bdbd8954a21f94c82cf,0x1097f467e199018e1f2e506cb646431e863c417f,0xcacd93c8d63c99770d53caa11f7fc118378a44a77891a12274628f5b4185d10b,ETH,56.0,3927.08,219916.47999999998
2621048900,2347,1,boredapeyachtclub,https://lh3.googleusercontent.com/yuoYqe1G5yhbOb49GlrkVlbDtMDezbvLuoQrYBiE64za6TxoT_-a3npvD4LaDIxusnKYTwEn-XbUJ-3PL8f9GEze77y4SqK-bIx5hA,2021-12-26T12:30:39.073242,successful,0xf76ebe6341dd9dc880596ee1cccffb4938db14e3,0xba14d775b69db3c13b84e4689f2712739363827a,0x00d17ea64c3547086511187ca325b561ef6360cbe08f7f62bc286b0149205797,WETH,60.0,3920.11,235206.6
2620583809,7624,1,boredapeyachtclub,https://lh3.googleusercontent.com/C27sa5K1SrSJfoZHSI52zaqx-eIVZy2uNFNgTipSJxbxdSIckP4kNz4LKcaD46WRVGEcHDw8Dh02xRQ8KDiSVQ0Urmlvn2YORpgBXUw,2021-12-26T11:44:27.296110,successful,0x767c475e5f858a4f6d3fb734136ee7bc4dad2413,0x90e00fc9f7e38a8b1e7739a2596e6ebe54126c2f,0x66418d2760657b7d9511e0aee6f7e2aaeacd972bb545df93a92765ecff2bece0,ETH,79.95,3927.08,313970.04600000003
2618971588,1318,1,boredapeyachtclub,https://lh3.googleusercontent.com/_VJkuS4H2bajphsfEp3Akg8fyHwMy_9xKFzk1DBjce21rt74_WwP9FdjxjZWOSBmC4qFOlT3jzOO1wMmS37WXCTsc88rPq4giq0q,2021-12-26T08:56:04.885469,successful,0x2d2e04e8d67058a71fbb8a98baeb9c72da1dad87,0x5298cccc7d39e400ce7ee4299f8cca0519926024,0xfe6b128a13e072e2d96aadab7f48d72cdd10a142e230307a535a585b487012d7,ETH,64.77,3927.08,254356.9716
2618310092,500,1,boredapeyachtclub,https://lh3.googleusercontent.com/8kbLyWCuW5ZETnRx9k4Y8SzVzZUYS9h3CPgbIjEZ_WTPv7DBbqd4iXHTMa5Txs-HVFivOKFxy9EDZRIcQGAPcZhLsMweNROybCxHgQ,2021-12-26T07:49:43.838438,successful,0xbf9d17486deda49e0e2d9a27746d9f971716fe4a,0x07379370e6900e539e5789bdd79dbf74253c290f,0x809901b7acbf38552f3e0778ecbc7a9f6a217fc204b818290f1fb59a1744360d,ETH,59.0,3927.08,231697.72
2616876056,7028,1,boredapeyachtclub,https://lh3.googleusercontent.com/3PkmnVhzU2bWmMal0TLYKD87pYMxdeT5w8xMnfU8TFUyogst80emHVP4ikvNxgKrappN8ZPsR7cFkb1nTnJV9AbHFDVr0O8NupfWSQ,2021-12-26T05:16:35.180717,successful,0x6e7592ff3c32c93a520a11020379d66ab844bf5b,0x23ec14a548017f65f91f6cb65f159347453f048b,0x7c3209710a65f8aaa3d45abea786d85620669f232396880f3b6700c7ded2aa6b,ETH,57.5,3927.08,225807.1
2616115201,6642,1,boredapeyachtclub,https://lh3.googleusercontent.com/4f3MrnjbkIgLfwSpZumI0M64xJ_Wz2ew9QoLFb4L2FIlii8m5zAlOQRTA799u8vJgVuan5onvqYmU5kVUGuUpxiFW7tWzC90CRQw,2021-12-26T04:01:55.219761,successful,0xbb2e1be123bfa44e17b69d13586bdd7212eb0a63,0x62f35d3231e6d3c6ddd14851cc897b30b0c9f2df,0x3cd2915cd445ea14b8d37ede4d19db3be7d6a8bd5ad0184baa31ac583b461744,ETH,69.0,3927.08,270968.52
2615732656,5246,1,boredapeyachtclub,https://lh3.googleusercontent.com/6Z49USuapHA1CnXuQfoW3hD2Zt8GkDZM-RHq872n7BNbUWOa0Iy_c6SZRjRNKZ9R4f5WEVE7K4BA7piDiSLUoEVdbvImmR58kTMhFA,2021-12-26T03:22:44.219497,successful,0x50d329ca4be534a850c784b9ceee2ba4f32f3d38,0xb030ad07288cdef5a567b9c66897652367da245d,0xcca539521ef3e02e90ab38c99e3a25e831e06d1d10e1def909e46832dc722374,ETH,59.75,3927.08,234643.03
2615340106,4734,1,boredapeyachtclub,https://lh3.googleusercontent.com/0bUmHkQw04Bw480mxSFGUZ6PxO5nLLMh0Bebohi3Lg76sUA8FZENCFXjomp_T4U8NRSq-c8mUMP04UNY7NU-Z3IuIEuQNJVYQDoq,2021-12-26T02:44:28.848097,successful,0x700111242c69e8a45e35c08d305efad52688839d,0xd7301f48c9924a566ee2906f1b7ed28ff3a36c3f,0x6d768ab5983c4eeaace6f626708081ab8f5ff913f768fdeae60b4c449acab2c9,WETH,95.0,3920.11,372410.45
2615328717,4269,1,boredapeyachtclub,https://lh3.googleusercontent.com/6aEkpG7vjoK7FaE5BUl98DtWOvrc98U_7f4_BkKGLOlWInZkFsiUYO61uurWYEhKrpmpmcJGwotuUpn4axKz5FXQt627n_ryhuCJtg,2021-12-26T02:43:14.474395,successful,0x31a47094c6325d357c7331c621d6768ba041916e,0xaffca680e6dcbb1bb336108d5acca9c545885260,0x066cac210412709b9f01444e5c42583c3d730bf76863905a5cde59afcc5b792f,ETH,60.0,3927.08,235624.8
2614879987,8308,1,boredapeyachtclub,https://lh3.googleusercontent.com/Yr77YLrhGieni2LLxfaweigqb8ZEnm0Wx3rgXzIEVt43Ew7NdXyPABWQekWMQymYQO7ukx7-nRDb15rPFQU0PqMvACsYsfVwBRCgqw,2021-12-26T01:56:32.224370,successful,0x3a92b1c299f1bdc57c94efe5d41b646a4bee13ef,0xc9a9178c925db8974952c2d58b8c9742023d918f,0xb2847c4a9d3cfce6deb731a8f04f9c0ef7950e320e52462359bd481793cfb2d0,ETH,59.99,3927.08,235585.5292
2614100766,3129,1,boredapeyachtclub,https://lh3.googleusercontent.com/dCn0ZHY-H_QX6_R35a49XjmVcv773NnS135T5rwrBF462x7RjnL-qnfn3zKqcm52g8fTc7xvuASg91fQtxa5ml69jc6Z18VF72mj5A,2021-12-26T00:35:28.235928,successful,0xf76ebe6341dd9dc880596ee1cccffb4938db14e3,0xe4d825729c7b43b26d038c81e4e0477c30c6a5bc,0x0dd2317cdb7d84101c00550e9096bae85801ab98f82c8f4920c944a7dccbca0a,WETH,59.25,3920.11,232266.51750000002
2612774928,4599,1,boredapeyachtclub,https://lh3.googleusercontent.com/WlwATRAMeLrgzrY7bENVbBEvagzFgOmEt9jGNSZpq_3-locz_3vgNHt6WM1KiuQ5hA2gFK2VQsT7reMi7rvODbxmYo3OvTPBMbxn,2021-12-25T22:37:06.641650,successful,0x33d982efd49ec05d37364533cafb38260df2659d,0x6676751a1c3592f589e32f28e649febe7ef2b805,0x0f049c526aebf31da0ca7f148e885a9cc4193e60db5ca3a08fcec067452afa51,ETH,74.69,3927.08,293313.6052
2612716086,2851,1,boredapeyachtclub,https://lh3.googleusercontent.com/EQuzGKln1froGqSJNXCVAZiYOPbSH_XAEMx0NDkZTHRswFpTALmssp1OthhxIJMjyH9h_JXlB-qTuXR6q_OsLSkqANquV0bLMSOU8A,2021-12-25T22:31:27.402552,successful,0x4328d5d49db3d1824a9c3a52013057e7cd5edc12,0xc2e1272f0c3a67512a4464def76b8d91146cde1c,0x49b7916bb20bbc75bc9e71cf80a154af8333dcd07c823b848b509e991a908bd1,ETH,56.9,3927.08,223450.85199999998
2612036033,3315,1,boredapeyachtclub,https://lh3.googleusercontent.com/uB9FrW-QTxJ4aOOeQDmGaP9gR23svLMYW5q50sXnIChEWPBBDb6i-_2Mcsy8XfCIR2jo5XlBMY7sXNVEMs6RyC6IXvB19_BPcVE15w,2021-12-25T21:23:42.216838,successful,0x2d2e04e8d67058a71fbb8a98baeb9c72da1dad87,0xcf1b9ac6843ab39e77e0c8acdf61c82fb9781bf1,0x642c7ef6cbf717fbbe671b963d5c572c2670def36eef9e7bc61f926063d6cafa,ETH,66.88,3927.08,262643.1104
2611791092,6784,1,boredapeyachtclub,https://lh3.googleusercontent.com/xoB4IzHnmSKVtMHrzd_7YhIBngKCSTw8j5mC5weaJ9FoYm3YR84ZbqL-57YEKvv_lRfwlKw9C6ZRP88bNiihIMWYX3EDCpVAyWR_,2021-12-25T20:58:15.699052,successful,0x92eb87b85c6ce494a4bd7bb0f212132f40e384e6,0xb00c8354bb19796f8cae6f771d0cf85ec7b55841,0x68938496c2026b97614d62d1bed25f7e8ba8bd468c2a74d765f5ca994ac28d5d,ETH,54.87,3927.08,215478.8796
2610413761,1332,1,boredapeyachtclub,https://lh3.googleusercontent.com/3lRi6eEg1q_ZUx8F3ZIOnyhH84HPTq8I10SQumA9uBnaXYgidDi_iL-0peyTNVuUjkctpoyemL3r8MxBxB7GVa-20YoKlnC-2joX,2021-12-25T18:49:13.927365,successful,0x1254958bd5073c6b238e516298f0c48f6f60a78e,0xb76a622c7fadbe11c415d141fd7b9eb4b1f414b9,0xdc258d02ee43f2e88096666be51866f3f18e0606b5cca200bfc2df8302d316b8,ETH,69.69,3927.08,273678.20519999997
2609959037,7546,1,boredapeyachtclub,https://lh3.googleusercontent.com/4354pSiNMDDKW5wMOuLOzpe14t3GQOhAHUVw9wNdviKBYrSC1MMrHsQyJLZQoJwHgt0ZO2eBiMdu3rJVNjS8h0TejqPLcibUbzpYKwI,2021-12-25T18:06:14.723204,successful,0x012e75604e0f32e4033d69a4691657998b569c43,0xff2ba16fd74389907f4e9ad808ef6c6b25e7e5c5,0xc2f15df6bc911c47c16fb17e5e63fad8478daed4a0ec4e21394709f768cf1d91,ETH,59.99,3927.08,235585.5292
2609142376,4063,1,boredapeyachtclub,https://lh3.googleusercontent.com/YMhHsVL7CAO38CTWmWCPamy_T378GZjrxAfUSZiMjP1iWv633e6AmmZDyuwzKw1qePUFWmwXOpLjwTUxjqz2CshxFLIDtF5nsQbJAQ,2021-12-25T16:38:49.633061,successful,0x1dbd23376015a8a624e5a9ad8040a3159eae7a12,0x1bfc35865b0a44d0729cd2dbe15cd8c873019da6,0x6b2584cffd54be4c0a59ea3d6bd70a66e9505e7fe7267bfc0bfce439b321c925,ETH,55.0,3927.08,215989.4
2608990002,1327,1,boredapeyachtclub,https://lh3.googleusercontent.com/q8nNKlbE1BFE_0fbv_LMFO-ltCByu6Prna6u-SvjaCl5gMpr8tOH6dOwLfs9nLFqksq6ISLObOC2oeXep3zCdaN-WUx-wvw9t-U3FUo,2021-12-25T16:22:40.820572,successful,0x28421dc09e14ee8179e2263bcbdaef83f00cb26d,0x7e5ab36876a267560e7191cedbe99ee7bc04bc30,0x772e0b25c9801cf419f29f061e546b8457fd9f2ae9ea47abcc4f9f98d7745b6f,ETH,55.0,3927.08,215989.4
2608957630,6411,1,boredapeyachtclub,https://lh3.googleusercontent.com/hdXHVX8SBzYDBnibsDxdvVVfvHFyaxenELTIMXgov2VvQf5-hVkszjzPGcCFdGANeWKqQy3VzUe6hP8IoEW52ikb5U9ETLHosR8jUQ,2021-12-25T16:19:15.198057,successful,0x7e5ab36876a267560e7191cedbe99ee7bc04bc30,0xd3ff9e9beccb0d011574419a808849f460cea57f,0xadc37e2775580f31f9141a285a5f5fb3eb8cbe9f85e6412994d548245f33154c,WETH,63.0,3920.11,246966.93000000002
2608897754,7082,1,boredapeyachtclub,https://lh3.googleusercontent.com/XrJqF5mLzbk4gntSLcoE-NNK0G-h_TdregmkwjDs9fSLDYAZm3nWwX-KrcUSd7AYxDLCs6ysMURQxJcdzUY16iiTS-8teEY7FVxq2w,2021-12-25T16:13:16.214378,successful,0x31a47094c6325d357c7331c621d6768ba041916e,0xb76a622c7fadbe11c415d141fd7b9eb4b1f414b9,0x04372c612837089a57a7bf67901a45a481ede2792281aa697025394768ae1e46,ETH,60.0,3927.08,235624.8
2608344283,1657,1,boredapeyachtclub,https://lh3.googleusercontent.com/ZeVN3mXbx0ToUNLm4tGEOPlTsVW8ClMWBXcYzZwIqK2dNs9pzuCl-oZH1_I0-1AJw6AL0ZgWE2xVf_81c8Yw6lWLkkCMYgBZvC-9Fg,2021-12-25T15:20:32.360974,successful,0xb76a622c7fadbe11c415d141fd7b9eb4b1f414b9,0xd7301f48c9924a566ee2906f1b7ed28ff3a36c3f,0x1cc6d2a13eb46bab8dede5a36ded5975cdd2fa139d3325ab2b74af077b78705a,WETH,175.0,3920.11,686019.25
2606496602,9180,1,boredapeyachtclub,https://lh3.googleusercontent.com/3HCRFrM06SiN2t4dD3moiiUJkMv_D60yimbDyx8GKy2vRxJiHTWO3i5b6243ItKCMK7e3LN2Nqya3QdEksAoeY6LtuPTT-N7wJexKQ,2021-12-25T12:03:11.711518,successful,0xd29719e02a1c7dd3363f96a7fc78610f71cf542d,0xa2c11c0f1cfd4079532afe99fdc7c24c87b99ac6,0xdfee313b0c18d155636efea7ac4230f250505c429655d7ebf974c99ca0516359,ETH,82.0,3927.08,322020.56
2606228778,3434,1,boredapeyachtclub,https://lh3.googleusercontent.com/ECpr-p99pbLIHuHQ3qkW1SZ47Re_W54vyxgMQrwhrkiWpyxHsz66BOldUwotuRGoJA3UFBIVBJ5bASq31NThVzzti9XoTGykTlZUkw,2021-12-25T11:32:23.516517,successful,0x714188bae91548cc3f9a02407a487fd8316a9640,0xe802a4d7dbb8c2010b336a49f86a765a7eb0dce8,0x470ff52a89d9907972b9f5929e9b8760e657820ecc1100d8890c2d28548e10b2,ETH,55.0,3927.08,215989.4
2606082482,7823,1,boredapeyachtclub,https://lh3.googleusercontent.com/kgQZdKCHr12V37Ef9mYojgmugRUgZJz0V9oD-VDXbzwC8VgM_I-VmZEM1s37uSuUexuoL4xrZsTUDAkYNoSxzh7lzOk1PvM14oiSlJA,2021-12-25T11:15:09.107289,successful,0x79dd8fab0661da2cd4131bb454bab060576ce2ee,0x4950a5b91e35e33d8f156874f9d777605f466907,0xf305ede1f108a067aeda76bac1888846ec265a93fa5a2acb72269719afb12a64,ETH,58.5,3927.08,229734.18
2604849862,2858,1,boredapeyachtclub,https://lh3.googleusercontent.com/lqz0Lg-du5qDz5lkYhEB4PO5YUOT-16dXZHk41O77BOO6JbEsgc5kxhAoUHwF8fbqzFb1iR-SGVglSlcuS6Bz_wczCUACcD6cxdZ,2021-12-25T09:10:20.969408,successful,0x086a951c6dabeb2df77907a9597cd2c4107ad95d,0xafbd28f83c21674796cb6ede9abed53de4afbcc4,0x5a305211eec97faeb416532d6ed36d5da303bf4b18e561e0bb4462f61385ee59,ETH,54.25,3927.08,213044.09
2603932707,8527,1,boredapeyachtclub,https://lh3.googleusercontent.com/HCpXX3P--_644D4EFMR6W8aZXzawFYSqeszwF4vzKikbBWfy3gG4datL2ZxHmvxMfBehZVOKXzqfKLVo_g2rIGx50c1y6T-Y8GbBrXI,2021-12-25T07:15:47.572697,successful,0x4c2a6c5d15502c41c4d290f5ddd600878ff31da3,0x38b6b4387ff2776678e2b42f5eb2af4a452177d7,0xebe1887bc51fb3dae660d166e1a166e6bc385987ee611ab2ad907b3ce7d3b59d,ETH,74.7474,3927.08,293539.019592
2603658476,2704,1,boredapeyachtclub,https://lh3.googleusercontent.com/x39NtgyLyTtmhPOpHXNUkKRMbCLOvwEf519nTsb5lmkcHzDYLvPMY0nX6k9oYhVF2aJsu_XEzuxJzZa8JDw8w4aB6pgBYLsoybb2fQ,2021-12-25T06:40:42.297797,successful,0xc3a1528df68db9b0e1f28edd7b3c4958550702d1,0xa1ae8f9ed498c7ef353dd275b6f581fc76e72b8b,0x533090fc10763061f83ae54313f1526727488b73114263c9c72dca76a270bc89,ETH,60.7,3927.08,238373.756
2603426216,7749,1,boredapeyachtclub,https://lh3.googleusercontent.com/yBwTqUKrBbNf9X4aJEl2xynwxd3N-vVtkUUEUW1b0AlXaKitIZ-pgWFQvrFEPNzCNbTN-XdBksmtdVjOQJf-kKJsVqINJVPoLDumiQ,2021-12-25T06:10:49.641651,successful,0x7305124ee73e7edf956c4e856c9b5c9a64f70a0e,0x749dd3c5ac6d377054b3c5475ed4a2368151da0c,0xe1e1071daff236b6996845669f6b36f38eda80ec0f76654d1545c1fa23286bde,ETH,69.69,3927.08,273678.20519999997
2600781999,3921,1,boredapeyachtclub,https://lh3.googleusercontent.com/kf1IvDixnekSCeDRNL0eiwVMWkb6vYZHTtap0QE4fegr3fYduEG2XhuBXy7akJ4sBtN6tBjYkVauxGD2bfE4So6QMTrlcjN8Ry1PBA,2021-12-25T00:44:54.537650,successful,0x05f7d473f38a224de68aae71e5e2ef818a85c90f,0x9e036444f7980133cc251b2fed1e5880c986493e,0x21fab6d992b95ae8590b1293e85dd3d454f98e06755fbeaebc69ad3458caf455,ETH,54.17,3927.08,212729.9236
2599042835,6498,1,boredapeyachtclub,https://lh3.googleusercontent.com/clufu_2rFxuQ_V4DqO8N6rFpwibj-ChVSO0SQOO7zoyE9LavJijWDcz_ofccMjSJ4u7zfUcEKRZdRkure0tQSHA1L8dYL6JVdFhj8Rs,2021-12-24T21:27:36.185790,successful,0xebdca98d2980362f1fa6ead905a97f2f256f2a5c,0x2c557d63c450017966d97dcc01b4ad5b96349931,0x4342a2158c2068ff5dadea86bb87c83d3f152405ba521cbd1617662c314d2a42,ETH,55.0,3927.08,215989.4
2597740336,1208,1,boredapeyachtclub,https://lh3.googleusercontent.com/YIDK__UkWJi7hZvkCDVqLo4gx_7lz5mChEupKiJ1zIbQcX77VBjIPgnKX-ipqqMoYZKfh4emCHUhc6TrDGdWV6eycKZroUYVdVOm,2021-12-24T19:05:28.102864,successful,0x82139687faae8a29851902783e02e699de0e0846,0xb23fe001ab5912ea11da08b7eeff203485942374,0x0d977d916358f3bfc70e84e8a892c6a7cc13320bade2e1a729517dd16a43597e,ETH,54.69,3927.08,214772.00519999999
2597551292,3289,1,boredapeyachtclub,https://lh3.googleusercontent.com/5TvXs0o8Q6Qoi0QmhIbnVchvvW6jq9IedUBhIlhPpyH61-wsgb3EXIzT7Wl2M3VFwtvlInIyiqN2wo-AErtXyt5Nmcn8TDTitF_9,2021-12-24T18:45:34.857112,successful,0xb583460f68bed07bce5654ebaa53dcebe2583d30,0x0d5d7bc9bf50261235af6f176da5cf415da4c36f,0xe471144efd0e60ec33392f316a03af004c13d4d098943c9d77703f6c118d23db,ETH,60.0,3927.08,235624.8
2597209808,4781,1,boredapeyachtclub,https://lh3.googleusercontent.com/5L7Zz6uJkCR1nVKegoYgzBEA1lqeapa_moUZdMyQMqM9jZa8niNyaDTNQLfuP-9EmdYSOVU_Rj7hYdKF0gI_aUnVYrYs3chzmRputw,2021-12-24T18:10:52.208102,successful,0xfded90a3b1348425577688866f798f94d77a0d02,0xe35030236beee69e66941977caf9c06082c50ddb,0x78a0b16f71c2914000a722d1f0da0be62b00ae50013d764082851996741bcea4,ETH,60.0,3927.08,235624.8
2596880595,4039,1,boredapeyachtclub,https://lh3.googleusercontent.com/Ym3Cm4bLVRRVuQXnRrQ9yND6qb9vh8idXN-n-j8nX42Apz458T7Twa9bMmyA-fOoavxenJ326-dxCUNbqHbjZ5w0fF-BI2nbrpR_3zY,2021-12-24T17:37:53.842287,successful,0x8af3e5d0b93332a972f02c50767befa71408ce86,0x399d07303275719fb83acb468249a9a26ae2f674,0x0626ea68b054025c208dca9ec567515458b53b5ff3ac62d0adbd2950523e2191,ETH,90.0,3927.08,353437.2
2595950702,1378,1,boredapeyachtclub,https://lh3.googleusercontent.com/vXzKiJpssxK-Xw55b0ZdpTaae2PjRM4-Pl4RlMmMm1SzgHBzFWwLVlY46cWORbty_oujCx2Ri_3IK2vcPYEYra2sFI0IMU3U8e3IWCQ,2021-12-24T16:00:48.674234,successful,0x31b0c4112a9aa5b79ca5883465bfc4cd013c6282,0xd841b09d68cc44a9461dd46194d1c7c8b9c50e65,0xc84b512dca83f3cc4572359eed9bfb7a76fdf3ed95649c10e4a539eb0aed389c,ETH,99.0,3927.08,388780.92
2595371680,4886,1,boredapeyachtclub,https://lh3.googleusercontent.com/ggyiHMffFuymUvmaVK1FxxSe1tZQwyzk-Ddb-jSD00dc3wjWec0wOZrQXWFG_fXj2ESA0-QU5nq-IXraWCSoiaq7qxaSZLVzJhR3HZM,2021-12-24T14:57:37.946515,successful,0x0e025c5dca03a419f97af8deee3e0a351ebab4d2,0x62e0a83a7cf269784f42c99a00c29a11e2d946ba,0xfafc15e4c256fb7de4ce25247422bb8264eae9d3ccd1a4335dbc0f743248a9d5,ETH,54.0,3927.08,212062.32
2595239131,9662,1,boredapeyachtclub,https://lh3.googleusercontent.com/9Qdp9Gj6n-kSvTsNcQkxyv0WZk2QxwaOjrYVxjK0dIa7nTiBxRJ4BhtItuAhA4dqG4oU8NOxqfNxPMeqmjnamlIPvyXaJW4n8f0q,2021-12-24T14:43:39.833428,successful,0x6ec30fd91a504aad948839b985c7263888b2ad68,0x37627d73bc5fdeaad86d86e44072393a8a35bb02,0xcd9c8e8a1d7f2908b0354b0a7f5564de22f81d19f8e4c459a4d8d373d8777e01,ETH,69.69,3927.08,273678.20519999997
2593540590,5998,1,boredapeyachtclub,https://lh3.googleusercontent.com/aJBPmyu4PCV7CevftmTelt7dStKu68W1Bou7tcnzE9lcTgbH4kWwpZjk8wHryDF73eReqg7N4q3ig8d7Zg-BnZeQISsIC1t3VC9oHw,2021-12-24T11:29:17.030675,successful,0x69b5ee4b5406fd6bb1329f79da1658b01e5a706f,0x725282f908cbc24e1fa77dda914c117fc71fa9f3,0x52ede5f835a285e9b817fa6196f31991678bd8b42d0fc000a3a724cb49587611,ETH,59.95,3927.08,235428.446
2592029924,3901,1,boredapeyachtclub,https://lh3.googleusercontent.com/PU1_4ck0yhYzygjOT0j9xOqMmAv6c4GOts8R_vyr3vl81Ma4gxfbdkMf3RoHANgVHP6dKKaLIGawjhktQ1BHtED03SstOz1IweLoBA,2021-12-24T08:34:51.962126,successful,0x6bb99c2db678d725f57b95821be3804920578e10,0xd2732b863f2f655fe94e3c158809057176ed1f7a,0x52bf1d1f6bb2a39c1547e1203202edb721a7c9b87673c092621d33404c7b8be6,ETH,55.0,3927.08,215989.4
2590712070,5408,1,boredapeyachtclub,https://lh3.googleusercontent.com/BE1jqCj94AeynevAb4mP2f_V5oRv365Dhx1H_c6shfAyjQ3CX_W-oWkdnWvyPzivzVZSt4UnkMMMwoqKHO3hpQTTqt-ZeASryKCP-g,2021-12-24T05:55:02.666264,successful,0x97b805eba82a4788deca24c24f58c2283179ba29,0x42548a143764550be44273dffb098103625fd965,0xeeec21266f7bb5652e2a1259e2a9ad9d455b6aba9262caaca4303b807bbc2a21,ETH,54.97,3927.08,215871.5876
2590530503,9915,1,boredapeyachtclub,https://lh3.googleusercontent.com/OHWnlQBCLjSveByg_T01P9Ah4ttmsPeic3ZgfeP-tKQlILTqYxayFuTAwoaLnmOCwYJrDSlk6pCd-typKHEc3N7UpTPpAnoJPP1GFg,2021-12-24T05:32:34.918589,successful,0xa81db33ad5e4f9ce04854880fb157bc00150b006,0x848fa9ec76391b94a83442170085f8ca863b1624,0x0579464cbff147166dfa79deffa60afcd021448ef140c8984c8ea788b5a63c70,ETH,53.0,3927.08,208135.24
2590514586,2681,1,boredapeyachtclub,https://lh3.googleusercontent.com/0OVqbcTDbaqOwe20WCDQfaiIenRt-wHH1DkbCsx5oX7Yn3eiQb5HBSbZk1oIJUxyfom0IWrELJaCIDwrbTWZrpYDgk6bAndEO3riCw,2021-12-24T05:30:10.306197,successful,0xf261321cfd6c60bd42b65b06b42b52cc20e638f3,0xd186a2f2302f49ca44e38427e803e2e2a021c83c,0x2d1aafadb6eb07a2583386aab916dee6b89762c5035e76af05e2210f81c86e2b,ETH,54.88,3927.08,215518.1504
2590392964,6455,1,boredapeyachtclub,https://lh3.googleusercontent.com/HNBVxCxM7TIW_u6JVn57h9vn83CGM1Wa5GPRw4Va50I3Mv2niruvjD94P16tWxo4SrdSDbQOyRiRZ97gBmNBRJ2ngf70jYbE8DvSFJk,2021-12-24T05:14:47.131824,successful,0xaa75b8c9e01ac2e9fc041a39d36a6536540b2072,0xc4cca7049fba013313f57e0139b954913d541ad2,0x44be27b004c0f72aff86f8a9ea49ee5a08dea3032cb24aabaf51d0278a9e24ef,ETH,76.0,3927.08,298458.08
2590011515,2402,1,boredapeyachtclub,https://lh3.googleusercontent.com/SFmrYH2-frtg6jaArk0sM1DiA9717ADMaT2oHPOMZdpVIiOKgHtvnCuVdmHJQocyJniCqMhd8aecZsrYIq6jK34zOMMmUjTUTLhe,2021-12-24T04:23:38.654842,successful,0x1844cc9d499d934271438a193561671a1d7ef5e1,0x19cb41c7f8baefa749adf20bef12c0c77313e88f,0x1688284975943acdf2fcc97b68b2194ee4fe8bc9e9e0c899a1725758360ea9ee,WETH,200.0,3920.11,784022.0
2589305525,1355,1,boredapeyachtclub,https://lh3.googleusercontent.com/_PZFLjJjeISe9vmvNrktxTD717HoRhbHvbiNM14A6wtGoDjib3z0Oab1_aSZpc8gAc_Vo1pb8tshoeKXtQW-kHcDwtRCpe2dGcQUmSM,2021-12-24T02:53:09.862783,successful,0x302864d6bb190109a4a4fe734e2bac3a3a27bb57,0xa6aaea8bfa339f602906413cfd22f281eb480d6f,0xcf58b40ef1d819474b1c9b81b8990473887f245fd7f1659981fc3fc120b6711f,ETH,55.8,3927.08,219131.06399999998
2587758174,8563,1,boredapeyachtclub,https://lh3.googleusercontent.com/mqm0kIY8csjh4HETAoOilZTRxujOTuzmepSucIUqd4bQ5uI9GwA3akIFUthiHn6WY7pIO8FwnakV05a5_vZcBRapMu9jolBWEjIlDw,2021-12-23T23:38:44.600553,successful,0x64916cd4b15045fd156bc2a6460cd3207638e289,0xc0f982492c323fcd314af56d6c1a35cc9b0fc31e,0xa401703d60d84da475688e0ce715738178246e247ed206bb219fb7a8e9de2ab4,ETH,71.0,3927.08,278822.68
2587746812,2921,1,boredapeyachtclub,https://lh3.googleusercontent.com/GF6cPoDy3y-aOGlj43sdgZovPL1ueH68gU4kaDSBQAEIrjLfIaqSM_A3N-TlaY-FENqbd7972cmWoENX9PiqwxfH74dSQzWSDuJl_A,2021-12-23T23:37:22.141219,successful,0xeca588e75c8eb0d2322f52c2c90bd525c5a5d93d,0xc0f982492c323fcd314af56d6c1a35cc9b0fc31e,0x83dffaf1bca403369abeb24820f8c84621d57b5ec5165ccc04a087bbed1e7896,ETH,57.0,3927.08,223843.56
2587330698,1576,1,boredapeyachtclub,https://lh3.googleusercontent.com/OpCvX8QW2DkH8sjeGi-tCHGwRtY7mM05cQorcHRGgFbIiOdL_b3jcrdDIAH8arEAw5zvDnRdLy0-ICyw8znvQ-B3vjdJ5PbWcOg,2021-12-23T22:42:06.248213,successful,0xdf370df571f3d5099ccaf0b236caa08e4fe47c44,0x7a349a913243c84b428ccae73f1a6636235b151a,0x3b660f2dffb72e2eb842800a68fbdbedfd151be6c4142bb7a4b705d010e43e67,ETH,53.995,3927.08,212042.68459999998
2587320595,1527,1,boredapeyachtclub,https://lh3.googleusercontent.com/N3hR-LiTaOyRZ3CWw99zS9_uw4PuGFeE3W-VopyM3rL8yMIZ3APyRMkTIF0VlhC3p0fFv_DCD1IlPp05jqk8Ld6dvXRU_U3R_nApjg,2021-12-23T22:40:43.764314,successful,0xfa42d7f197f2793cca274186a4bdbf6ade5a8884,0x9b5ae497fd1bf885a40d6f99d0c57245761e053c,0xad428589fa2b282a8b43f8f71420a5204848480d4ff5d4b75cdc6464c7624fdd,WETH,55.0,3920.11,215606.05000000002
2587250448,8038,1,boredapeyachtclub,https://lh3.googleusercontent.com/z7XfsVoWKA6BtrdjuIbrLZng5zi2uDj0jHgsHXjKY7CWDxEl_4Djgq5nh_3xUldt4bHqaQcZXuGjTp1nx_TyQuqgWscACfVJLkALGPY,2021-12-23T22:31:27.673421,successful,0x4713754fc40564c693dc98fa95348f53b042fed4,0x020ca66c30bec2c4fe3861a94e4db4a498a35872,0x1c0610e9a9585f4208395928448d5982d86f3732caf781e7368ed18e388a3fcd,WETH,77.0,3920.11,301848.47000000003
2587011021,751,1,boredapeyachtclub,https://lh3.googleusercontent.com/qh363Up4Or_uy6l_m88qiVq0FVvLWFq3VL4KXo2eH6_KhI4aKJtHwE1Uo55JexfgK_qone3dygSv86Z-6kJOQcV0Ym1DxtYjIWnI8Y0,2021-12-23T22:00:52.616779,successful,0x56e1e208fac771d39486aca9146b2c71c30751c5,0x6c1b658362e0c3b3a55d3221d8919196fb10797d,0x253f89f9c90a1696ff7349b5fef149f4d18d63d25d79ebe166c74f122b66bace,ETH,61.99,3927.08,243439.6892
2587004899,5304,1,boredapeyachtclub,https://lh3.googleusercontent.com/PyrS7c_TibIl6fcZd7KeiY89wBwouisQP-qBa5GxD4cHg4DDPe0dLvHqx6ItO6cTjNR3sz9nmJfSNMxCRHaKnTCE78UR2Nw4SQGiWnQ,2021-12-23T22:00:04.281505,successful,0x67dc0b70726b1d348260002b8db1f7961254b23c,0x691c415200dc6bb0200856e9ed7c146411077fc0,0x0b23b26f4e1f1aa1c1e84eb27460faa7bbba3f683e47954b58b87c36ceaf536c,ETH,55.0,3927.08,215989.4
2586225515,8073,1,boredapeyachtclub,https://lh3.googleusercontent.com/RVIu1fi3jLWqLLcmS8Ghmg-O1uRzZPsEWFrUaQPre2Cael9F10cUsqEORHfNYe3qb16LPzZqPBMTBpqb7yDeDHnoa-bRc1hofo2-GJo,2021-12-23T20:13:30.979019,successful,0xf319ad2aef1f588b7c4f3fa47ffbbc2d8fa2ae61,0x838fb079aaa86e65e466193cd0dd14b3eaaa3984,0x9b1fda5dde8fd048b5ec9bea48c124d34c0907d859ea6237caae1658a1a26cf8,ETH,61.69,3927.08,242261.56519999998
2585811400,7607,1,boredapeyachtclub,https://lh3.googleusercontent.com/PaYLBuglIgXU8VGZthwWixLKKsJtCYVsPjxgwWhPvgUxhCgqEFvQ2CMehy1B3oecIiosbuo0KJiUlIm_WEM8diXziGT5KcbRXaTt,2021-12-23T19:27:35.835119,successful,0x30f33fa6a5816de28a5c0158e5c0d4e37caee952,0x1c844fbd946ff35385d636953017cee2781db754,0xe34a32127b00e49271f1194e7fc336245ec2221c0881960fe83328812a30af12,ETH,53.0,3927.08,208135.24
2585775503,7636,1,boredapeyachtclub,https://lh3.googleusercontent.com/b0I8l1O-6uIIV-EnE1UZ6OoWsDGrE-ovqo-eNo7Af6-fFe1ks-xXb-mxOruTt6z_-j1BYZWhnlSFBz5R9K7MMapinjDcutS3iKvo7A,2021-12-23T19:23:18.899985,successful,0x2ed0db8d2870ccac48b1693b9efe4341fedaecb1,0x5324793c49a2e05165b341b5ac898d040ce27c14,0xbef7bcacb960192e0f36337ef6e7f3a6ce9fb194ac764a30999d1e68bbb08769,ETH,59.59,3927.08,234014.6972
2585717087,7473,1,boredapeyachtclub,https://lh3.googleusercontent.com/aswqZ5uYWDNPRRKG0BKWyyrqeo4PkoJ-E-EFgmuqCADPD817YhsqMtaHjz1JHu3GfsmSsLuLIUI0-YhnRBabcHXWgKjVHMA8zoM7Ng,2021-12-23T19:16:37.308757,successful,0x7a349a913243c84b428ccae73f1a6636235b151a,0xd841b09d68cc44a9461dd46194d1c7c8b9c50e65,0x0d2c2ab9c14328e6bea383cef906e42f7d240c58043ace22b0d1ba8ed87e6ffc,ETH,70.0,3927.08,274895.6
2585591006,8419,1,boredapeyachtclub,https://lh3.googleusercontent.com/xeQfbCCbjVRO1AAKf2qHeFC-ZAtt8KQw0wC3vz1XolDXegWiFFBv6FQluKYF8HWYQ4qEnXUqY7CdDS02ie464oY281usTManxUbzhA,2021-12-23T18:58:50.855306,successful,0x2604fb7b2c561d6a277a0ec8c2308a26cee18272,0x8e2c17fe2a6be854ee946f2419a66a8e46283d05,0x8c64c91203917a60693957e5a8a416969fd0090eed92cc180a097b9159691e26,WETH,55.0,3920.11,215606.05000000002
2585355148,5258,1,boredapeyachtclub,https://lh3.googleusercontent.com/BfIooJxEZgYIjEEffsVM7MLth7tstK3io2pJCZ9tqWna4Xvw6B7RC5Uw0pttsQ5WQOwHcqehgmYgfoKc1o8eppsPkxg1lrWWYlAsxA,2021-12-23T18:27:26.578435,successful,0xe34906452d2268128f923fb1bf6ccfc4fd69b939,0x9a506c1d8a235ce3af856df1c3fdeb5e3d05b3e2,0xe25159ad49344477deb19d8b048db770349c6156c8ae452215ecc52f635fe5bf,ETH,52.95,3927.08,207938.886
2584978069,8147,1,boredapeyachtclub,https://lh3.googleusercontent.com/0j0aYc7K8ElP6gBkhXnUaNmHPw92dfrdMrfQY0Uqfji-I92OCPmscyQFlAZoWDSrzgvOHve05NX_7P_thMPJMmXy5A-wXeh11RhY,2021-12-23T17:30:25.130738,successful,0x2dc6195443e5c55316360d99b9b7f4abac160936,0xc6c943c101caad4db436ef2a7716b516b74a98de,0x5ca294308995c891f90ccdba0fdd7cca0d9eb3f4aecdb55f11b682addc7db70a,ETH,52.5,3927.08,206171.69999999998
2584105031,6958,1,boredapeyachtclub,https://lh3.googleusercontent.com/JvHLkxZqHUEUMFKBo-hhgW6-WQBoZuGHfX8vhrP1-at4hdtgQrwvGZEK-B5gQ6vfWSl5g58-ocuGflQtoWvxlQ4-wdDetUnp2kgC4A,2021-12-23T15:26:59.286278,successful,0xd42fab871e708308a178798edd7eaf63638ce519,0xd75233704795206de38cc58b77a1f660b5c60896,0xb603642508b45124a412c574c88487dbb445612189fee8c800746fe6c5031921,ETH,54.44,3927.08,213790.2352
2583428440,5846,1,boredapeyachtclub,https://lh3.googleusercontent.com/LQ_I1SVWPLT8VGNQSbvJYHMz2k1FIAOdJSZA4NMNJ9erRKJlFBVXjgkLwxo36WQXYi3PLVoW_aP81a4-f9UWBMeqVuWCx3nFd8IrcA,2021-12-23T13:46:21.745583,successful,0xde654740ec9d0ad6d9fc85ebf813a77a7a7719b5,0x503279fd5ee47cd78e65b6773af21bc7722aa68d,0x4c295757e98a8208d472bcdb9748bb581e4a5674a799e79844db7db58dbb1045,ETH,54.98,3927.08,215910.8584
2582140636,7402,1,boredapeyachtclub,https://lh3.googleusercontent.com/oA5VknhpHnPZKMGZ1tmG9Uf3XZENBi7_yrXB3d9RHDPaODiwF1yMaL3oDZJvmxoUdJkI8PkpDImvK4RvkAShlNKr0woPcIqwP2TRCQ,2021-12-23T09:32:37.905013,successful,0x134a7948e1363a95ee17a23c63b927152c4021ec,0xf31bd4c7edbaef88d030146f25b757eddebd57af,0xe3762bf857dae33f1e3196a96616139f889bf8b8f78363a7ec5d94adaa7930b5,ETH,88.8888,3927.08,349073.428704
2581829085,5327,1,boredapeyachtclub,https://lh3.googleusercontent.com/lJnf56IaB8AEWFuYgUjmpn6KcKic6_dbQyc-7WfqeWTmgYRZaq0pixTY-F0Fm625n0dj9DlvxfHL6fjrnwo7CJWg52BfMA7qHD7-m58,2021-12-23T08:28:30.963827,successful,0x8d622d68ded5b265bec51e78376cb1452a34a473,0xb3ee5011a7965905cde351ea4905ff4725189a3b,0xb4bc589cfbab3fcfd4a283a553ea2791f461d4e0cec0f050fdab57f767e17e8f,ETH,70.0,3927.08,274895.6
2581631090,1658,1,boredapeyachtclub,https://lh3.googleusercontent.com/hFYp3bSQGwLjLjVbF16ME2EUAuP3C9DHsnbk53qfTMo6sBZPNz5eBJW4rdo2JYffG6CM6XmtHvTOFZmFADl8-Ce2ZTPPmZovNrF5svY,2021-12-23T07:49:12.895869,successful,0xbb771c5a3dcb9633a3bbfb850a66c51a7ad88442,0x7786089b523202b02409a4763ed375e6fffce464,0xdffa600f1b4110d729d59d831db20c4fe0e55dfdf20cc2678c18fb846912a683,WETH,51.0,3920.11,199925.61000000002
2580774522,3397,1,boredapeyachtclub,https://lh3.googleusercontent.com/0NcgDkSjtNh4Q2S-qUCGaqNHaRRf3YUxkDQ1ER6JGB5EV05vVtwQVrlt3F0oZ9fEf7WGDVyy_bCemFmdcTUWjWXCd6suKhQaarjlrW8,2021-12-23T05:03:33.490354,successful,0x4dca551c87d7229d3997df934124f60d0140150c,0x4d7c645a178e4610b0bc45a738df908ab469943d,0x7b467a1440080382308cd7542cd8771c5858c7cc3ff140550ac80e1102fa506e,WETH,42.0,3920.11,164644.62
2580479388,708,1,boredapeyachtclub,https://lh3.googleusercontent.com/NUjj1Q5pjOCPrzgmO6TkfSaCvQ6vjGB0ZIClakEs0ofwZ6X4zL1rbu7SuCKNWUCIvL-kLhEl1Bsfs5jPT87M8FN307OU7hNipQpL,2021-12-23T04:18:35.156907,successful,0x387cba805a719a1613488e489a8e7f0de63aed14,0x65e37858f445e6b10e96916693821c3a0b5ce4fd,0xc81b8968c0fec4206237ee3754a4efa791a8cbdb19a1218eafd572f050251223,ETH,62.0,3927.08,243478.96
2580438344,3394,1,boredapeyachtclub,https://lh3.googleusercontent.com/WOGufXehTUmgzFw6wCJ3hzejLOYI0mjzSd-TM80THi3GnmwEjT90oLFt0Q4DbicSPXXKfd8WfmpJljGkJSK6Edl_dOize0pgYy8CYg,2021-12-23T04:11:28.464440,successful,0x455cd9c5a63b2ae1e1258f750715d4ac4d6f62b2,0xe0e82310b21c06ef9c1e92489a9cb542b54ff728,0xaaa414fa12dffd3126229d59e20d06c4640b4d6bf244e8305512e68ceb3a4c81,WETH,53.0,3920.11,207765.83000000002
2578756188,16,1,boredapeyachtclub,https://lh3.googleusercontent.com/2HSBcyqB4ZX-O2ZBlEf_ldHijLClGbWE3aW5hoPKR3fwXHb9VUN9WseIpwJ2HtIEcFtjkfwioJLAfmR2gMCCmHe51-ysGvihN-POHg,2021-12-22T21:41:42.533446,successful,0x54f92758d254020b29d0b5ef1caae71a70b9ccde,0x5c72bffb3b09e13d48607e80ee081fb40cdfa0da,0x2a24028af2dc98c31815b36ce980984ae435a4d481979df512c045adc290be55,ETH,54.0,3927.08,212062.32
2578434811,7351,1,boredapeyachtclub,https://lh3.googleusercontent.com/jUol0JMyseKCj_hwmtJyLm04Ae-QApxaQSO5fzyGd_szmrAHooZD5L58sMf3FSrWe9Bp32l8HICsSg4Z8k6ywbPVvuYVy4os2b9nnQ,2021-12-22T20:34:11.070320,successful,0x027580bcc88de209b6bfe7b417421da998d4cb85,0x1d8d5237d948864d3b91621b60948e6f81e63ee0,0x2fd38ad794b731cb6f7f66a25540ffd3a58356f660d52c11c683cefd0a1e861e,ETH,60.0,3927.08,235624.8
2578256458,2917,1,boredapeyachtclub,https://lh3.googleusercontent.com/IwUCvuIfGcIdw4fl5Wso9OH0aTmtMAykV6ASLkmJoPkIRhyzMn1kbdnf9gtSMB-WBJcuVXAb-RZiC48XV560bQsPOta8GnX9MBXHZQ,2021-12-22T19:56:44.126985,successful,0xeca588e75c8eb0d2322f52c2c90bd525c5a5d93d,0xc4030c8b755b1121f346dddf61b3dbfc390c1fd6,0x57400bd27a290d2e31159def009bb175b8dd01bd41214ecc31aa4d7e9000210d,ETH,56.0,3927.08,219916.47999999998
2578066541,6,1,boredapeyachtclub,https://lh3.googleusercontent.com/NSz9FI5eW9ciBu-okuLtG1w5wE61hiSASsnA_-u_eZb6668tfNbLg8caUGdPTzQXxdLfwUyZipfSde5rqdj0YHHkiswvzBn0m7BN,2021-12-22T19:16:34.473992,successful,0xf52393e120f918ffba50410b90a29b1f8250c879,0x2c2ed4b3876c442fee80bee76ce0ee2ca2a512af,0xf295d73687e1cdad62e995c65d0498345ed8d023ae98e598616d2be6ac175998,ETH,63.0,3927.08,247406.04
2577835217,513,1,boredapeyachtclub,https://lh3.googleusercontent.com/vU-pvgUYPM7P9kdD1vpIhAVk4n_tfTBBPC5kN-MLj_1S6ppRo2JTdP_9ADKyhGClInauOYA69ANJo5zsOfBtM4iJyG6Orqs5akARnwA,2021-12-22T18:28:00.880776,successful,0x1b21a4287cbfa8f81753de2a17028bf2fa231034,0x603bab762cf4c7ef20dc41278c46b718375cfbbe,0x44a0915021acd4102a7dc83829af277dff048c2677b26685d6ef4cef392dc6d9,ETH,55.0,3927.08,215989.4
2577824209,1222,1,boredapeyachtclub,https://lh3.googleusercontent.com/n89fOb8AScCHMd0BdRvWKNxiu1qFbMOLc4vQVnrxQzq500ZG37xFB90QmGHdaIdvYO0rruozqX_6XWTyERA_klkrite39KizJ8FKkw,2021-12-22T18:25:41.280341,successful,0x603bab762cf4c7ef20dc41278c46b718375cfbbe,0xcdc116b3749f0e272d337c6213d8ebffe65d6e1e,0x5c5647628903085845b18d188d95f9a91948a4e7e021cf5fba9d7d48358389e7,WETH,62.0,3920.11,243046.82
2577787938,1759,1,boredapeyachtclub,https://lh3.googleusercontent.com/msksShB_IoATEzOyRm5jX3uMu_zCIBYcIpS73Cd-UXEsxF6XgK1VcrQ2BbcQOD0YJyCCzJYXIP2s5GUyQ8dgczbkVIebWHyKvCZM_yw,2021-12-22T18:17:50.919527,successful,0x3f15a8d593a6626b23ead270f7b1085ae23ba469,0x0a267cf51ef038fc00e71801f5a524aec06e4f07,0x305f5551e425e5b0e43d81a4f34825e2442a8d503bb6e6a4686a47ce62d3b70b,ETH,53.9,3927.08,211669.612
2577777477,400,1,boredapeyachtclub,https://lh3.googleusercontent.com/MzPaY8ILg4WUYCMGj6mYTjV1_QCWo0aEltfQhZw1UOIe_93YEJx3rT9skMwzSNYmxGn0yjXhfOZUTb89NpniMivgLYH2U2LCa7etBA,2021-12-22T18:15:40.300487,successful,0x8da0a15786008f543a760701e2021f992e1c1cc5,0x752f4ab1cb31201c0665f11434dee3835189c088,0x22938bd33d9d0d5fafd01c27b0c81c8a64e4f71423d74d52dfeab647ac1f64be,WETH,55.0,3920.11,215606.05000000002
2577636753,634,1,boredapeyachtclub,https://lh3.googleusercontent.com/LPuDaRcxz2T9wm8UwFCWg4u2W11OM98BcZAUO-WRX2EwTExUMAOoW7noe62piz_-6KbgCsoCXzNVadOhu6OGNOQ-4951wuFODlsM,2021-12-22T17:46:10.882685,successful,0x011a991df27fb53637b7319d3a43e91b5da5b4e8,0x9accb751a911afc9a56a655f0ed7b9e9994e446e,0xd9d2574f8e8af34469b42db73e03348b294ed303769ccd93cbc29644f08b8510,ETH,53.5,3927.08,210098.78
2577468494,4303,1,boredapeyachtclub,https://lh3.googleusercontent.com/a0Hq33FbaDYQB5SqSlwyb2AUYOcZYaa2JoadJVoegfG26546E7ARj6BAlG3NX5yOGtNNTw6JcTwiRO8qEmcpNBcSyw8bg9W5eqw90Q,2021-12-22T17:11:05.712589,successful,0xd104ce1266e5fa0a31f7ca6dd16def1d62308c46,0x81787ecf8d91c1c6827f28e68e0ac3979a1263fd,0x6c0b6dea71a267d0a750f1568ad3a25fec571ea05cde0ff239cfd882a4270ab0,WETH,95.0,3920.11,372410.45
2577335202,5246,1,boredapeyachtclub,https://lh3.googleusercontent.com/6Z49USuapHA1CnXuQfoW3hD2Zt8GkDZM-RHq872n7BNbUWOa0Iy_c6SZRjRNKZ9R4f5WEVE7K4BA7piDiSLUoEVdbvImmR58kTMhFA,2021-12-22T16:44:10.979434,successful,0x5f86ceb2c057bed74a3154642020f0a99b08bcc1,0x50d329ca4be534a850c784b9ceee2ba4f32f3d38,0x72a9a3ba2a24d4df824dd6de6b17d62e693f70970a6db6df66d480c61747c4ab,ETH,52.0,3927.08,204208.16
2576804190,8524,1,boredapeyachtclub,https://lh3.googleusercontent.com/levUegKbOTs2gX6DBWCs-7OngPqCPkHWl_0IdrTTmYF8LxDCatM-7Ag1kaSfMBnuieuHYRAgXy93iirBXcySwA-5Ta8DV8zE9h02WA,2021-12-22T14:57:15.138481,successful,0xfba8a2fa05e0ee39b6e3c584a0f7ce397cc92af0,0x72fae93d08a060a7f0a8919708c0db74ca46cbb6,0x1223753528b2c999b790a48196d2b2c334381b19a8305c67f11b14d8fa2394c0,ETH,52.69,3927.08,206917.84519999998
2576428983,605,1,boredapeyachtclub,https://lh3.googleusercontent.com/YLaFvWfwj3Cj_DxdulMqSSoXNqfE7X6fmNM43zYHS2jRW5kGDxSZ-o8F01SdTayPfG15XsJZwewh2UlptapgrFHpNoorn0PqNJ737tw,2021-12-22T13:40:09.619212,successful,0x31b0c4112a9aa5b79ca5883465bfc4cd013c6282,0x8561e6f36252d66a713207195ca3fbbc68d3178c,0xe66772c4c9cee59a3a57b078a4304a663f725ae685d1c0418913faafe467ed32,ETH,199.0,3927.08,781488.92
2576342594,2812,1,boredapeyachtclub,https://lh3.googleusercontent.com/kt0HJP9unOuZlPA5w-KBpBWkoKJoXOV2dpjJwaQGllH0qGj0SCjk3uP4MORKqUTjY-_3sjm4bWFwnnk7yLLGBQOHUMk4yuWctAgwmg,2021-12-22T13:20:25.919211,successful,0x848fa9ec76391b94a83442170085f8ca863b1624,0x0bda04b2950bbe9172ac357c1105970efa9093b1,0x41dd633f116a3dcf9b398a37300f0cae0674f53f3fb332b54d0d3539fff13720,ETH,54.2,3927.08,212847.736
2575805979,3003,1,boredapeyachtclub,https://lh3.googleusercontent.com/DWjoFASvaTosKKq0G_tjoP0M4GRYWXQaVDXtQin8e0Wn_-MtFH5Xrm3yRETH7HAM3QgGWtOUgmtZN2eDPWHnov5-YjuwcuBVZzRhJg,2021-12-22T11:12:09.613937,successful,0x3fa5b646b19271033f059ec83de38738f3e3163d,0x31832d5e6b0c8e04e42c7d07a1fa119d64d25725,0xcee293687058e6e1a85c11e729be42b1fda41c0e361fd7a1472bf00fd00500ab,ETH,53.0,3927.08,208135.24
2575056442,8223,1,boredapeyachtclub,https://lh3.googleusercontent.com/1TzZhlz54DQnDBRAGqhu4KfTIERmvF--8CTYtQqXeKf1U2x7uR1qi0LzkMIBBsL83UGHvDbBhHicYCYtkHw9V-wWRa8Yi_QXndD-PA,2021-12-22T08:22:48.965955,successful,0xe0e82310b21c06ef9c1e92489a9cb542b54ff728,0x038666d86f8c758842269915e2df6fa4ac39ec92,0x87458bfed31c254be3fc142b22980f953d72c8ced66d5d5c687ec032b008f4ec,ETH,66.0,3927.08,259187.28
2574712809,8950,1,boredapeyachtclub,https://lh3.googleusercontent.com/98YArtlL_jNILxbGhvngZMuA2lXLO1pbafHgQw2OXR819lPI46KKriuPx7MqyeQzYn5j-pwE5tFNyZX-oe-pL51xtAFM5f7F1VWGyQ,2021-12-22T06:47:53.363578,successful,0x6fb3ae4ecf5a42788249e95b931913a4fc3d488c,0xd3729b43e91e60514722c74474401623d57f2442,0x4a1e815bba3d2bc012d7f0cd23cd4f26d85d1b0b97a01e05d1291cf2b9fc4583,WETH,64.0,3920.11,250887.04
2571833597,6877,1,boredapeyachtclub,https://lh3.googleusercontent.com/H1-xMdFz2VNlMOQesVSP7NPIFIsFo2PAzaxzbMsSPMkFhUFT7nTn8yiB9GSrjWxvUTcaB2V522vpeqrA_aAe3g4HDzkjN4Ky6c5kQg,2021-12-21T19:17:31.449207,successful,0xf5adbba0c9c6d57b0c34fae0563767c4bde5ca22,0xd09ee980d04e2e03677aaac086e0a7b5006c180e,0x80849692537dd44d37ab4034ad9d4a4c80ece07b75d665250d2cede22651bbfa,ETH,53.98,3927.08,211983.77839999998
2571148274,3252,1,boredapeyachtclub,https://lh3.googleusercontent.com/sRQsRPqCV5bRrA8a0Ip5RMZZOEquf-OmNRIq31M_vcSL-y9BOOXpskz3vT1Mtuhe3AFMZcTVJvatpO-d4JVGCVK9-jbYE8JH9uN2rw,2021-12-21T16:29:54.723701,successful,0xb00c905bff63c245c12def03f56ffb49cf2f9ca7,0xacbd9e4d04e8a654d1aca9d0a20de74f08fda155,0x0c9589875c98f87fd17b158dd7a6f0ba8566a9b21fa313e2b69fd182483b9dd6,ETH,52.0,3927.08,204208.16
2570812301,1951,1,boredapeyachtclub,https://lh3.googleusercontent.com/D49V6GEnX_aSy30cRWSgLd9R1ubKAlNgq6x7PJNVS_Ah1M8pggs4UwuYdde0jeuSq72HJWbQcDfTz6rnBvaTClDeVNWl6nElLw65Eg,2021-12-21T15:11:54.234077,successful,0x6a23ef8a7f1e91f476ba984efbdaa84b42451a22,0xb1f2aedb2493ae882c5384ec008a771f9c4cf520,0x5017cec409349245adbb8a40915ef379ae9e8ab64bb421e30da714bfd6e851c7,ETH,57.575,3927.08,226101.631
2570802236,7530,1,boredapeyachtclub,https://lh3.googleusercontent.com/HhgUpLDViwkzLQkvNGGhTnIVrNZ4aJMmJ3u0kYxOV1rlANyVLhIBw817wGQ_89EcSt8XELTHHW9ZjaolzexVUkOlEbIskwMjYsVS,2021-12-21T15:09:41.753949,successful,0x50892b2d0297962d6f8632d053364f47ed78bc39,0xe3e922536ce4fb4d23b400b9a2f394a61f4a72e2,0xe70ae1ed303f9c425f361f3a95f9f0df45f65d971faab061d7220192abdc49ac,ETH,59.0,3927.08,231697.72
2570503091,2978,1,boredapeyachtclub,https://lh3.googleusercontent.com/gbRBS0TpbsQOGeOhqdJctE6WY5mQQMW7-4OJwLtWw1u-8rNLzPXE5KUlzDmkj5MCbsCQ4gQ0hWDT_vi9NjuoTYSldpbEDvAKnpdh4w,2021-12-21T14:00:17.805550,successful,0x1a96d775bd7662e1de8cf26c1a2dcba7c825a654,0xef8b12c1a9d61724f54cacff2109726905c40e0d,0x2c4ab15c03f7b3d9cb8f835b963b5c285ea39855df79da28fd0907a0552d590d,WETH,45.01,3920.11,176444.1511
2570119651,1413,1,boredapeyachtclub,https://lh3.googleusercontent.com/4PFAqqbUZUncV5nJNqVKsToFX0pozYKw5px45YqVkAwPobY73izxyCUzb-g0FegjrVjdfren0-F45lKljZCzX-rgiT0b_VXxP-bc,2021-12-21T12:28:15.696203,successful,0x0bfff40545a2250c3f11993e7b75dbbcb11e36ac,0xa8d10361dd928205d1d24d8d5b61b2a5a378b038,0xf08d63e2f4112491a1fe9ee7c7f47e6b3b47e61fd9aaf823bcce291ccb2f5576,ETH,51.0,3927.08,200281.08
2569130229,9757,1,boredapeyachtclub,https://lh3.googleusercontent.com/rCsppHc6lUoV-09WZKkUwEKgKGKXTgYxBDjPmO1I2UzvA_cKMwnX1jNUW0dwLotjJygN1ET3KJoBqTqyGXA0n7rzajeKp6DXdw_u,2021-12-21T08:20:22.041984,successful,0xc45e6acd1b6c102fb5e4e5e8fba31e12166b138e,0xff0cb0351a356ad16987e5809a8daaaf34f5adbe,0x6ffe7c31b451af282a75257867358b35058fea08c6c3a35a3f4fbddd6186d51b,ETH,62.29,3927.08,244617.8132
2569113079,1338,1,boredapeyachtclub,https://lh3.googleusercontent.com/n_2XcS8WGSZa7ZJe0ag-0HspEfajaDdH7S2kW5WZM8b5gfKBW231tbBeDlXWQ8kNLzSmx09vOB4yWVw1O807ycHz4D6v2cYb2PLOiA,2021-12-21T08:16:01.081626,successful,0x131cd5e746fa428c80b34a70b136c36722c613ae,0xff0cb0351a356ad16987e5809a8daaaf34f5adbe,0xab2e2a4bb62ecc7728f87c3c0b0924c8313a1d639752e549b9aececac6029e4d,ETH,59.0,3927.08,231697.72
2569111052,7745,1,boredapeyachtclub,https://lh3.googleusercontent.com/UuDHF7mUTfrNk0cs9XDnPuW2SnLdnI8aSfHiR0TqPW6TqeUZOZNHJd6imx74oM0vYnvKFyEMhspg91uw6tbcWI2n2-dMogERcS7BFsc,2021-12-21T08:15:30.827182,successful,0x85436b28a865abdfc20a48a07805700ed483c891,0xff0cb0351a356ad16987e5809a8daaaf34f5adbe,0x8ebdc5167827a962d88f23276d402e79a4567beb4590ebee343c5479208c0160,ETH,63.88,3927.08,250861.8704
2568679784,1746,1,boredapeyachtclub,https://lh3.googleusercontent.com/Mo8WkD4IXSnG15ubZ1-3qcKiMAWNSFUXCslQSdB3CRIg0pJiTRsbZ-3tk162R8X3r7YRTbH0RFNCvsJHw0atCwQTladJgWuCkHlSyg,2021-12-21T06:24:47.272103,successful,0xf2580bd5934f02bfa33bb0078e5fc425c39b6ba9,0x4aaf05146aa198fee33ef16986a125484396e2c2,0xfe4fe6f92b5751f8ea0fb5f086292a592893c463556c333e6786be4425476d4d,WETH,0.005,3920.11,19.600550000000002
2568123120,4535,1,boredapeyachtclub,https://lh3.googleusercontent.com/F7CymW7E8eHrtjN5pKvbGvQEJ5XYQ7gReGzQonIXzffOZIyjqEO8KstDGzdR71FXxmOUJrlDUqNQKlO1Uk8GOY0-q8VBOqANgJWVDJo,2021-12-21T04:00:26.899116,successful,0x020ca66c30bec2c4fe3861a94e4db4a498a35872,0x79a920f4f0d142264f147d5840248a8c0ca346d8,0x4b0d3935539f81f7fde22f37c3c39deb0b90f3c4e4415c7f61f5e1ce5ef1cba6,ETH,54.0,3927.08,212062.32
2567854240,8206,1,boredapeyachtclub,https://lh3.googleusercontent.com/W33xSp0dS16_K25YUpe9HM5aXekl2jFnUOEG9-zTl0p6e3xMXl_A81oSDw12Kxzt3rb53ya6FjuTcoTRjdgOG9qIxt-OYCEpgWz0rg,2021-12-21T02:50:36.563023,successful,0x1d565f170d45c192fb9f454a14110dcc88e0cc44,0x82f41d6d163e391de6f0657e2c06ed0a8069aea1,0x307ae6fa8a932b46e44d1d6f1b4847e5cc6a1cfd04d1a35dd661d3f9e39f027f,WETH,52.0,3920.11,203845.72
2567665544,1579,1,boredapeyachtclub,https://lh3.googleusercontent.com/-1bChus0RO66mq21D5lNRkp5gv4u8VxbZL0AM2oTjM-rwqVMxPvfWa4-adW4GcKkFG5CDdBC1EAnEIAZ-KVKrdWzYJxv-WQmfSE59A,2021-12-21T02:01:22.902078,successful,0xf868a2de45bc38844b16c9e63fda5e1de1d54a22,0x0f2cd0c6474594b2d3830e1076f40d6828641a0f,0x2ccdc6a1ab7ea7bc8b0ac2cb964a86c2ee9bceff43cb93796f3f19d135edb710,ETH,54.69,3927.08,214772.00519999999
2567513699,2573,1,boredapeyachtclub,https://lh3.googleusercontent.com/gooMx_XvXiP_l-3Dvumjx-f2ee-YuRmF5dQSGxRs6nsQFaHCdIXtYLI0aALtkW_dMt9kK42IsOGLplGd2K47Y2_pBUJgdZkNV-CWeQ,2021-12-21T01:19:35.513817,successful,0x426ab67a5bdbf55dda4b5ad15972b263cab4e540,0x38b6b4387ff2776678e2b42f5eb2af4a452177d7,0x5c3b5e3ab1da39d3d6c1ae3dad75d9f924cdada5a9d96dabcdfa76e2605bf85a,ETH,52.0,3927.08,204208.16
2566930921,1083,1,boredapeyachtclub,https://lh3.googleusercontent.com/MZlLOKKCyTe3DJn40CCjvWhZJGjsFYvMuhQC3GtEuc1yIyalqJM4hmhR78-TMgyAgzOaVrxXKTMhPEbU3GCvscA1Y1--DBcyGWjkpA,2021-12-20T22:48:26.512096,successful,0x6d0267156f1c6ce44caa4bf129b76009d3d41830,0x2d4c38d80914084d90c55ae6622eb7859ea9ab64,0x9e928e0743473cb9b4299e0d03ca11c45359ba0b5ca3c6698d206f033b4f3462,ETH,61.0,3927.08,239551.88
2566686593,3027,1,boredapeyachtclub,https://lh3.googleusercontent.com/x5WaDiApprtn5WgNh7H6VzMk2RbU6TxdYwOaohEHuFxTelcbkzGjC14YAw2HapaH15L-21OYBoz-NbU0IYmQ3K31sjuzkUwqIPQ3Iw,2021-12-20T21:45:55.570816,successful,0x98d365a3df9711603dd2ab52bf45b16796336726,0xc1f32da9853860f07bb8f62ea938e9d44a25d505,0xe5887bd0a207708ee1e1fe4ba3aee1c577b74f4bac2484e3668afc71f045a9e2,ETH,52.69,3927.08,206917.84519999998
2566229008,6678,1,boredapeyachtclub,https://lh3.googleusercontent.com/D8ZzySVzxJK-5suoigqz15iDzbeRRVW-9eiSE_iD4dDNTKv0jytgc9azntL6uuCN14KEaRb0viE1y_Vba_hIpih00tk-VZcDyoxZbA,2021-12-20T19:49:20.097998,successful,0xa8d04cd4e1951291740ef977d56336fdc7f394c5,0x654ad5d5d51496c801766f7171b8f9de87471e57,0xbe0436e47b633f2f44ed8bb47865f79f30ce8d61e1499e8443329ace83758b5e,ETH,51.0,3927.08,200281.08
2565876563,2689,1,boredapeyachtclub,https://lh3.googleusercontent.com/YHwkeyzWiRMHrpZeLrqSIIiOP4XA-bYoWBUzVCCy1ykBmHvVxQP7CDIOjl1Tuk1gfp_UAPyitS0AWkApbc6QSmdqDJiUw-ONrMiHfG0,2021-12-20T18:22:18.850060,successful,0xdb4f8bcb17dd81cf6341bac7699dae3978c178e9,0xea53bf838de65d565f4c45a265fb12f56fa4492e,0xfe2af5d9b3d3b998fd92ec7b2db766f02ad1fa986f88cc459018a3027f38898d,ETH,53.8,3927.08,211276.90399999998
2564674266,9734,1,boredapeyachtclub,https://lh3.googleusercontent.com/W4d01mzlSOP0qUOn63-horsvpoCz6liiknJ6E8UNuLTz82o_clHOtq_eXica5Sv0j5pwonhnkZPKBd0FNnwdDL9XJ0-UjXIaM9tkT_c,2021-12-20T13:37:03.429310,successful,0xb76a622c7fadbe11c415d141fd7b9eb4b1f414b9,0x343e7dbc2f69c105135e39e7602eae9bcec775a0,0x32777e446b7c70731a905926663216ac01da13ec7148166d2bc12cfae6b771da,WETH,62.0,3920.11,243046.82
2562842705,5057,1,boredapeyachtclub,https://lh3.googleusercontent.com/k99yvYw1djEzp0s_kFrF6d2LRWmsXA0SfD_78pm7Zjdn52-exDELpG7-ylNmeity0ESZj1bqtPA8oMXcUV2xWOyU6bXKI2fuQPmY9A,2021-12-20T05:52:41.062720,successful,0x82f41d6d163e391de6f0657e2c06ed0a8069aea1,0xd3729b43e91e60514722c74474401623d57f2442,0x3322a9b2d2d7836707ee81c8423c344510665df043036f26bd4a2506b2a07a49,ETH,59.0,3927.08,231697.72
2561909159,5180,1,boredapeyachtclub,https://lh3.googleusercontent.com/wIeMZHNnF7j_RfjHUhiZWM-E-JX8ozc-2hE5zmDVN3HiP0FIuZaGJMDEQwhbLitwKpFPcHu63PdDpi1iNnHFUQ44PRAdCjcVEjpS,2021-12-20T01:35:53.080074,successful,0x071e3196ada3f727bc4bcc53616ecc8804411f98,0x5c41c2b9e14c9ed3c369b6bd87d5b95806a34502,0x4416f47656793044e226b564895358027a9bea993c6efa1b9ef66623eeee8a39,ETH,61.2,3927.08,240337.296
2561418417,7596,1,boredapeyachtclub,https://lh3.googleusercontent.com/rjAP1gS-xEUU9_VRf56FMvfwcBl4Acn4CxLKCp70sySzJqWp6gMrFrjUql5-LlbPeR9Zbo7ypCvTkZTlwBIOnVIcMraSEv8Bj3S6bzg,2021-12-19T23:27:51.052575,successful,0x563415679588e508c0c8f0a729c9bf898406e9b5,0xa088dbabfb8c606058ece639e9a2c273c8c37213,0x9048cd21d4db2fe72f4a81053f6ee7392e498a54d20eafac20bae215a219caca,ETH,50.69,3927.08,199063.68519999998
2561415977,4358,1,boredapeyachtclub,https://lh3.googleusercontent.com/neyprmFCQQS5a5x4Mw4nOGrvWNuRsS6rxOxnawSc97s39LscALKLb82IEbIIjFwteTeIb4Ym-Gf7Xt5ZZmFCL0YZ1UMrb-Jk8u0,2021-12-19T23:27:09.851864,successful,0x1bbec7a15d0f0853b8f3ca0ad4d3573ce186d5ee,0x5ed654950c42e9be5a44a18eacec242517f6abbc,0x83de36bee10abec6c4d87c9afe159769c2c012823b95214f4ce283248ddf7840,ETH,53.0,3927.08,208135.24
2561391853,3580,1,boredapeyachtclub,https://lh3.googleusercontent.com/FD4o_L6RRtV7lHsSmlCpjpAjCBdcSBH2GCB41PHNv_hvrBdBot2D1ELFn8ud8pUuS5vbCqjwganqMhfX2_m71vHb9_BrZKfpZrhZAg,2021-12-19T23:20:50.768184,successful,0x5ed654950c42e9be5a44a18eacec242517f6abbc,0x020ca66c30bec2c4fe3861a94e4db4a498a35872,0xb55ac722cfea55877e4003f74570cc83b92dcac392c24efab962b48235cbe543,WETH,75.0,3920.11,294008.25
2561195652,1788,1,boredapeyachtclub,https://lh3.googleusercontent.com/iXfXb-5fkn-jZT9re7Iq5TF2zIAmTTwPoKZRgSIb7ZTcO6gRtz-NnY9kg3t71ZQdvI2bfBDox7BOpRUPgzIPwZZyc6I8WrDkBE6ajQ,2021-12-19T22:32:39.225950,successful,0x7786089b523202b02409a4763ed375e6fffce464,0x853122933448d4ecbb5403bc72605dadc1caab71,0xccc2076aee580abbc40dd791e91d462b6eca02431a11788f5cc4fc4fb08ab7aa,ETH,52.42069,3927.08,205860.2432852
2560262063,6176,1,boredapeyachtclub,https://lh3.googleusercontent.com/N4MCcoMefPWT-H-poz0-U-1Ve-tTnAMeVb4vRkTeObb2M9sIwaOOAJyLw4TZ4CCMo89GkxgKQVCufKuxFeE_DppLpJ97PC0S-v1ehA,2021-12-19T18:20:32.913874,successful,0x17fdb96934d0a4b58d7f5005b8ccfc15fb7a8cd8,0x0a267cf51ef038fc00e71801f5a524aec06e4f07,0x54b25baf64a975ce906a77e7ee6d1baaa6791b77c7dcf125133d8b3c4fc4699d,ETH,58.0,3927.08,227770.63999999998
2560130885,8435,1,boredapeyachtclub,https://lh3.googleusercontent.com/2qI8TJ5MAWINMw9NytanBvqScLMhgPxTAmHJyE4u6qT65ETmGdaYRWyUcp1ctaWpFkoRiapj6MzlK164jRb83PS-_GTc2cE9Fepq,2021-12-19T17:45:14.551582,successful,0xbd6c990981124c5027ad43fc8e6aa957f8800863,0x81bd92acd90789e6495435e86578bd297130bb4e,0xf24e56ddacb5c99c44a060e03a30a1583c5b870a3fcffe0af3b381e0ed220ffd,ETH,75.0,3927.08,294531.0
2560101534,1746,1,boredapeyachtclub,https://lh3.googleusercontent.com/Mo8WkD4IXSnG15ubZ1-3qcKiMAWNSFUXCslQSdB3CRIg0pJiTRsbZ-3tk162R8X3r7YRTbH0RFNCvsJHw0atCwQTladJgWuCkHlSyg,2021-12-19T17:37:10.811889,successful,0x8f389751f10ea6814656b1406ee0facd72fe99ff,0xf2580bd5934f02bfa33bb0078e5fc425c39b6ba9,0x5891bf458c8797d8d0992be56a83e26d6e41df27b246bdeb8416551f5a6f9092,WETH,49.0,3920.11,192085.39
2560029153,3005,1,boredapeyachtclub,https://lh3.googleusercontent.com/MVl7Y6kdmEIYhgL4ZA6TpavLg5dwBbR6mbOULMSelSYaQkW7iUjkroLhhKpNEzWRd77y8Y74fkX6N9GXlt22dJwiIZnNXKQdCfPvUg,2021-12-19T17:18:15.738904,successful,0x8c7841dd5901bd2ef3114a4e6dd13dc62a74e653,0x209dd6b80ab548128e9e57ba3f935e561ad68e89,0xab629cfefb2057b44866d5677cf08f14ea90543efd1b8c990c1f03e6b4fbe3c1,ETH,69.0,3927.08,270968.52
2559668327,6689,1,boredapeyachtclub,https://lh3.googleusercontent.com/XV7cqXwEjjD8JVlq_HGXe7bLffIy3IlUhRVNn63BYD-gyOlqVVp5gndJdRzYZ9nCZh8utgCCUtkCpcHpXb6Vu7kgm1rApa-fgQr5XOo,2021-12-19T15:43:34.417378,successful,0x2c6b0d5ffd5da0c739a17e370d2e4f10b53f5277,0x46d6af1bfd1994b6177b4dc08e18b51a699da3c6,0xe975496ef9cd1e23b142aad8e93f8f5be3c5799f4c470f58c21183a76c721fca,ETH,54.8,3927.08,215203.984
2559185382,5796,1,boredapeyachtclub,https://lh3.googleusercontent.com/Aah_AlK-xI8kHA6XMygKVbzrorVScpXxtpTX4PeMo1QMaqYEZosVSqLBQhNml42biB36GzIFFBHqzgcIryA2JAcmdDiRqykQxvM8,2021-12-19T13:31:54.551988,successful,0x273f38f0339739b73cd1802b4752b24339d5f748,0xe1254be91d4c1001c05c9217a6d4ddffbb11ad57,0x18fddc453eff27e2e37c73b0ee2949d51c947c418c76d8de4871e83ef428ac4c,ETH,74.99,3927.08,294491.7292
2558274740,118,1,boredapeyachtclub,https://lh3.googleusercontent.com/auzVHFdxDqG9Yjk_pWlHik99skzB-KlAnaBoSgPfDgs6A7gGRoeaioIDIT5s18PZTYbOJEfrazwi3ujUYT7s15nVF9Rm7-Dv7sT50V4,2021-12-19T08:59:21.864917,successful,0x6b3bacba7a6da1d6660079f5fd49fdc167ec5783,0xb6386a786aa91a6da40ef0a6b6734d7ced271eae,0x4e4a8da7f821f860f6066f783e2186f3aab218f9cec33adf99be545b74e5dd6d,WETH,200.0,3920.11,784022.0
2557925241,4085,1,boredapeyachtclub,https://lh3.googleusercontent.com/c7PUODlchKBhd2h4LdGQG8ia72dM-eN6xHggH_o7KNe9Qd5P88-HsnewFonYMyYMz9_GwHrfyqbbqMcvMzyJukfzGnqxr-do2q8Ju8M,2021-12-19T07:17:46.517887,successful,0xfded90a3b1348425577688866f798f94d77a0d02,0x3ecd8f1e39f6d1656de6f3d73f0c2aa7e2ae324e,0xa5d1c77c98190197e7a0d607d64e23ce36312a98db384f34c39cdf757bd6d485,ETH,50.0,3927.08,196354.0
2556524726,1971,1,boredapeyachtclub,https://lh3.googleusercontent.com/Me-JSf2q03zVbaL3R3Xxy_iNO8fLYItXGlVeXqnH5Iu4gt8sHmtSyF3ywcXl4alR84t_txMHSMgb2ZjBN6obcpab6QxuoYydNPOB,2021-12-19T00:44:36.973070,successful,0xc6c2d5ee69745a1e9f2d1a06e0ef0788bd924302,0xf15eeb4704d710264ce8c1373c09ed30c79af355,0x0633e7dd77bd67ddc4a7da3423170761e6d3dbc5ab368b6ea47dea3990d78d72,ETH,49.0,3927.08,192426.91999999998
2556506195,8424,1,boredapeyachtclub,https://lh3.googleusercontent.com/uxNVscY1JSs_Zi0hpjZBwZVSaYEbZwqWLkoWUBTWpcc49pLAYWr7GrEBiwG5-4rj-qkfNixo3vHptCg7a7CkLpkbOq4E-dUhMCFC0FM,2021-12-19T00:39:38.643046,successful,0x50d329ca4be534a850c784b9ceee2ba4f32f3d38,0x299ff6c82bfaff8d1058beffdff61aaf747e2fe4,0x0f4f1943b44db7c9b74c56d96134dd3c245251f3aabab9a30bb9a3d7a65902a5,ETH,54.7,3927.08,214811.276
2556352172,7942,1,boredapeyachtclub,https://lh3.googleusercontent.com/xnjHGsVHnOJWrV8g3G-FscgUG83BPhWrW4PXLUXuFiIOO2-PsQjONe3mhUjHzr5DkwDMZAQqFuGShIDE5_Tp0fEtLyIM-6I0MUArOQ,2021-12-18T23:58:02.746135,successful,0x951b063061f2e22a6ebbaf3c660c40e364fe7496,0xb4ee2f98d0e3d358f05d5e1747f1ad73df5a58cc,0x2e921049617609bbcd562ae278761f8d39b36c523da53f360e6802bf6d2673ba,WETH,45.0,3920.11,176404.95
2555820032,3242,1,boredapeyachtclub,https://lh3.googleusercontent.com/5_W1JCm2dFxr3u-71v2No2ePf9xzyd1soovMaF9ETcWJH0y-1am3UFT-LMC2yr70Q9KMHoVxZ0qjielcp3CNuLgXYuQe6xw2ZNzVnQ,2021-12-18T21:36:57.837101,successful,0x6903f3a1540946c34e3a577ad6ffcbe43356dcbe,0x81ed317154e4c6e829b0358f59c5578719e95ccb,0x7f092cd92b56e8ebee2f8cde59e032c15db91549a6c7dbec34c4ad0844cdf74e,ETH,53.69,3927.08,210844.9252
2554740043,9318,1,boredapeyachtclub,https://lh3.googleusercontent.com/UPdpPrZCERfV_mC_NHNLaE0yhFDf_R5E6T37X_B3kdUdZSyDrvL6XOsrHzyqDOVIoTIFPQvVa3H-FzyCOGrr5ukSh2qKh-Ifc7mNnQ,2021-12-18T17:04:49.927176,successful,0x2707771e6f0792c7168207c9853269fbb33dcf93,0xf9961044281bb45d74fd0f799c97aa0884bc0f87,0xdaac497ceb9ef66a4e6d952c1a343c834c3d07d9688b65fb86546b5a72fa56d8,ETH,58.888,3927.08,231257.88704
2553666421,8933,1,boredapeyachtclub,https://lh3.googleusercontent.com/phBykkZBnE3YmDrynG57554PSSWsYbisvu4Eq5kcM4cCILCOn-EXP0M5VH5JHhoRu6KL5oDNgGuQ8D3RDUgJwPnbm8ijtlTBvOVwZgE,2021-12-18T11:55:51.595865,successful,0xb4ee2f98d0e3d358f05d5e1747f1ad73df5a58cc,0x92f00dc18aba729c14b4d6d17e7c96615cb3d47a,0x8d0c2f53200995b520654d1624425b6f3461984798a48491eb285c4021dcdcc3,ETH,60.0,3927.08,235624.8
2553077645,1871,1,boredapeyachtclub,https://lh3.googleusercontent.com/G3heW5Hg95LDPYpgPm3YAXGzU9wqTvlsDIy1tgJ3CEubthn_4z71FDJCvyIjuzR7H6HFtHFW0CWivbd7rU40v5Wmjizhz7QP7nSfRgk,2021-12-18T09:10:32.630737,successful,0x11ad632cf28ee4559bddf3d4dc2019e78eb7ec3c,0x16665cdbbb16cebb1a309dabd4a704dce44b11fa,0x42f1c78836e1994c7699566671f8129611c9d3c4f8ea0ad67a59b73ba2d30300,ETH,64.89,3927.08,254828.2212
2552778775,3197,1,boredapeyachtclub,https://lh3.googleusercontent.com/mplqmhP2m0tjzjPx-ZtZFFdKHrnaoo_F6lCHHIktZaqaNj2mn8vijLPYxpqSRIOij9hvUixzj8i_Prwu_N6AzLNSUVSzhqI255PJpA,2021-12-18T07:45:38.960489,successful,0x15f7320adb990020956d29edb6ba17f3d468001e,0x0a2a335b7420db3bada6a13e354d465a3d6de2a4,0x6ae956f55b721bf6ef5d77b0d7b3e5c8d307f2c78081fcd8ce0948e6e6f7764a,WETH,62.5,3920.11,245006.875
2552421331,1046,1,boredapeyachtclub,https://lh3.googleusercontent.com/AKmTspJBAdppnVhIcK46EpMLqBWW5eaKf9gccaYysXDBnT96FeQbrcFNk5wxYUwxZ_SiFY8848m2atHRdKOUh_SJske3GCJyEo6LhMM,2021-12-18T05:56:38.548999,successful,0x4c0c89b4d830818ad89364494ad5d59b9522f2d7,0xbcb27d49df8dc4c432b56be32672824bd0e7369d,0x8d10353e2edacd57d4a06d6734ca7c23bd5b70bcda374e174d6a0f514ac842ab,ETH,56.9,3927.08,223450.85199999998
2551918893,2321,1,boredapeyachtclub,https://lh3.googleusercontent.com/CJZw14VnrqMaAwkOD7-5IKJx5v3egnSpKdxW3kmRi-TeWH7RlMcaf1zWTZDf9zFcRMjSIYh2pRuLRyuYYqV-ai-xBL2cOBLhQkTnMw,2021-12-18T03:02:44.940228,successful,0x8551f533d244c928c6a0eceab2ee6ef265c3a987,0x97dc4d3abfaef91c123fef92e04cfc5f583b1832,0xf0cdb21a7e78cd9013c97764818e97aa067f2283045d6d3049176a39f163bba5,ETH,48.0,3927.08,188499.84
2551873281,5039,1,boredapeyachtclub,https://lh3.googleusercontent.com/yzpTaqJDLw5zrdBjlIBvR9R6JumkZQAJdmpACQ1tPcuP__JzaLI6QzBLrGQH7SBK-AbVKcVKlXniMLzkKBQDBNwYLpN1ttUPcvo7Tg,2021-12-18T02:45:59.468936,successful,0xc5bc3579f6b3a0a160b6b8c855ac69dbd65f306a,0x0446c420795740452c6853ce36368aafc2e48cba,0xcca2166db271569dfd2cb19e509eae466fb156f1ed2f5b4b9544533658d80823,WETH,50.0,3920.11,196005.5
2551635702,3032,1,boredapeyachtclub,https://lh3.googleusercontent.com/HOft72zrIBrBmva9E20tf-804108Qxg9-tyraO4Du6r3WgOgteXRIcqyS2xzyCYoKcmvnxgLaDPqPyIhXoBUNf5_pV_EsdR9HkESNQ,2021-12-18T00:57:59.616057,successful,0xae280f6104489c53bc7e50ff71fd9d1d3d026318,0x07ec2140b69fb661e09905efb8729050e6d15c2d,0x73fc27c0210f60ef631235db36a36fabbea63b6a34340a04b4dc8c9e5ba6dceb,ETH,50.0,3927.08,196354.0
2551621335,6260,1,boredapeyachtclub,https://lh3.googleusercontent.com/FQQpnSvBi2djq2PnIPrdmXM1gQWjnL2wOpGbq43oTfC3QqqsTDyJv8cI7V-4q2-KI2NoqRO9vfOlouB6O8NjQuAMuji1_6q5Q1en,2021-12-18T00:50:23.878356,successful,0xacbd9e4d04e8a654d1aca9d0a20de74f08fda155,0x320baaaf67f1f5c5d37e0c54d808af46faf6d348,0x7c1a584e4fa59ca1cff0a6bb18301c1eff6b17a1e58e7e42749850434425fdeb,ETH,70.0,3927.08,274895.6
2550214561,7569,1,boredapeyachtclub,https://lh3.googleusercontent.com/UzcZgb_yr7nKTivbfynvZDNSScaqaOMgun4I7NzE45f5Se_hzD4n9LviRKJPCIAprp3eRa-pMvGdTpVZz_0ZytZKX2qAv52r1WD_,2021-12-17T21:10:58.771584,successful,0x5c9240d5a0b1366da300eb58eda4f9684d0f5afa,0x20556e46ef77fa166d27f0b701c463022b5ab83f,0xee3d5096e4e8b281124ff5e661a4efb3309a1fa720860418f242ac02a74c2163,ETH,60.0,3927.08,235624.8
2548468833,4093,1,boredapeyachtclub,https://lh3.googleusercontent.com/565o1Aat2hZV3TQgHJncsd6IDmjszQqQIPrj9s0snHMjD651EaaYpRGnffhMDgXzLL07je83xHlqO-hvmzyk7XAcbjgVze6ADLRzBqE,2021-12-17T18:09:52.967038,successful,0x93c5c2f6e1400627beddf8faad4ce3a76ba00d07,0x0a267cf51ef038fc00e71801f5a524aec06e4f07,0xfcea70330ec9326bda9cd5a20cb936293b8156c0dc51680f6a4ab2104ee375f6,ETH,50.0,3927.08,196354.0
2545507628,6559,1,boredapeyachtclub,https://lh3.googleusercontent.com/9IEZIqmZcndd1F6lqj5ycujXvIPMYAsu2Vdd7JWjcGgL06Wero2GoTtrrW3T-CtRI0rO2zolFLCMOQxXAwZEdnq_2Khx6XLGml53ww,2021-12-17T14:34:42.693229,successful,0xd472b0798421159999e3db0aaa2d53bc0d7acfa3,0x2e992e3941f67dc416de6275f496ceb2c0025da2,0x5491797affc1b11f0b3d27605a2f166b4727e831abe067bd62b8e7d1018b90e7,ETH,54.0,3927.08,212062.32
2544492586,652,1,boredapeyachtclub,https://lh3.googleusercontent.com/bIIbfVsOs9zjQimoU_lkplt86SczpmRdL44Hk-9t0QK1UolmR-nq_cwJJFsWRl8W6cHmXJg653VnLT1I5IzNG2Mmw-wa4UOzCSC2ch0,2021-12-17T13:22:35.094881,successful,0x1cde4464ecd857461f84bd9b8a6595771fbddfcc,0x020ca66c30bec2c4fe3861a94e4db4a498a35872,0x5fb75e8b2f18087d25b1dd0f22fd05573f59e89b369daa8fb543b44689fb4b45,ETH,95.0,3927.08,373072.6
2543690933,6679,1,boredapeyachtclub,https://lh3.googleusercontent.com/M126HkxnWsqw-mFRF8u6RQOOv_5gI7eGdR3ZmvqMwiT0txKFTueIkBfC1RqIryxbPT4YWh9V8KiyZUU5RdApDrygSlFUBiQLSoKukQ,2021-12-17T12:22:04.899464,successful,0x268221eff4de4d9ca8943f9e143c076dd2c1dd54,0xbb2e1be123bfa44e17b69d13586bdd7212eb0a63,0xc08304dfa472597807114f476a1e960b8471a6d5ccb676a088fa23846cd4ccf7,ETH,59.0,3927.08,231697.72
2543567501,9248,1,boredapeyachtclub,https://lh3.googleusercontent.com/fUdgkhpFR-jY16IySU8l5wc2w0emHsbI9Dk7lC0s3iVLH5jgncftpTXYmYoA047Z9qUC2EtinaoEmWoJ0SqOZIjOlyYAxZre60o6LQ,2021-12-17T12:13:01.334242,successful,0xd52f6bfb31a0acc04b19877d46d4ef5849054e31,0xfca731d18c64e23536cdd7d95bcedbb86bdb0454,0x8d3c54d641925b1e032159f7957aa93af5872dd2cf71ca896e76672b9bf6afb1,ETH,55.0,3927.08,215989.4
2543539236,6642,1,boredapeyachtclub,https://lh3.googleusercontent.com/4f3MrnjbkIgLfwSpZumI0M64xJ_Wz2ew9QoLFb4L2FIlii8m5zAlOQRTA799u8vJgVuan5onvqYmU5kVUGuUpxiFW7tWzC90CRQw,2021-12-17T12:10:56.877975,successful,0xd7de943ca6f4f2e5b21015a04f4ac3a317f75e91,0xbb2e1be123bfa44e17b69d13586bdd7212eb0a63,0x614cdb5ef7c6cf2c8abcef2f037e805fd1e02d8afdbceb034721b02c33c09b39,ETH,59.99,3927.08,235585.5292
2538902745,3583,1,boredapeyachtclub,https://lh3.googleusercontent.com/ZElyPoLXiTwZqhjVibqJl79nn0nvY47D3X2aF9r2xyy_X4f_aJK8dut4h3OIO9kblyAPYdKJav3c5b9Xrd9sdBNhLEISxpbfemhkcg,2021-12-17T06:50:51.941656,successful,0x447fde0f3dac956bec0a32a375b4d35c5b61d13f,0xaf7c4ad5a9a09274a19a2799ed3f1a9c5abffef7,0x8058d6a5ade020b9f9d17cb397c4b32862428badb4963e610536487ba030acb7,WETH,49.0,3920.11,192085.39
2537576857,8324,1,boredapeyachtclub,https://lh3.googleusercontent.com/1pInezK0xgdKfoqkdZbHSTc2WlO7SkwlfJrROCArl-39OgQbwUHrUUH-Iy1cs_YFejP64zfJyYcapakCXevOkrKwCRVyVwCKpjNi-w,2021-12-17T05:24:12.980184,successful,0x7cd521bce1877a5c9c6a26bab76af4277bbb9d39,0x449e0b5564e0d141b3bc3829e74ffa0ea8c08ad5,0x2807892a9a3523bea851178f3ced6fd35ce3271efc4510c6274ad1e2583aa66c,ETH,57.0,3927.08,223843.56
2533885790,6171,1,boredapeyachtclub,https://lh3.googleusercontent.com/BoB8j7SGMzJNYRNg-zG9POi_XgoMLvWKpocGQ8DwONaYEWlBvFTAc3dcU0TEgWzvneL69fUwbWiFDpOQGwFOB1G5oXMaF3_L8Fawew,2021-12-17T01:23:45.198981,successful,0x2c2ed4b3876c442fee80bee76ce0ee2ca2a512af,0x3fb7c90e78db88097bb735d5d16e157623f7763d,0x2fff6f283558b64e209fa28fb9d8ab79def64c853cda6e6906af0e70409b27c0,ETH,68.0,3927.08,267041.44
2533748152,7313,1,boredapeyachtclub,https://lh3.googleusercontent.com/pygcCGXqgfBNB3V1qlHy_Br7TvTppHc-QNpjuvUjghz3pVO2a1w2QnSaZHQwSjeW5h7GME9ESM-iOowmHlg8ChgGb84LX3zmJgVr,2021-12-17T01:14:21.536302,successful,0x1c051112075feaee33bcdbe0984c2bb0db53cf47,0xa254000a65c58d887eab7abdab4a5232c4515b59,0xb0b25c198de53e2d6ea9bbecde0b6396f82228acc3a7f0f39fccbc5e40e76cb1,ETH,50.0,3927.08,196354.0
2533222421,3470,1,boredapeyachtclub,https://lh3.googleusercontent.com/WLfWU9x5_BB0raWK5R7eIaM8TMecYrMOxMMSL_Nu8mcYSn3yxnlx9JFyYm8zbU-2Uoga4eKNlMtmTDF0qTETkx3ewJh0wUpqdE2MoQ,2021-12-17T00:40:27.116566,successful,0xbeeef66749b64afe43bbc9475635eb510cfe4922,0x0c83210a10438e7797579a37a50aa4e36a9fb1da,0x4ea6063fb0772fb80cb92aed3ec163b5c6b81e199c1e66174b6c1cad5c6d9905,ETH,54.50841021960339,3927.08,214058.88760520009
2532536819,290,1,boredapeyachtclub,https://lh3.googleusercontent.com/_QRVtDKvfB4ro0aw_7XiVGhN4IBrY5-_mI86d2SKqjxQuX5G-15i40YkpJ4UqMMWNYQ-2qRZKQ0UyvTzxBYnI_BHpvsC8j6nsrFM8g,2021-12-16T23:55:42.993824,successful,0x55013e79dc8fb573588b22447633c049e13ff1f3,0xbda35c85e2e732398f0b334d6570f6c7041566a7,0x05bbcea7f6ac67f29cfbd749b2083cdeb781706cd20e467ce154cdd045e19cce,ETH,58.0,3927.08,227770.63999999998
2531741927,1413,1,boredapeyachtclub,https://lh3.googleusercontent.com/4PFAqqbUZUncV5nJNqVKsToFX0pozYKw5px45YqVkAwPobY73izxyCUzb-g0FegjrVjdfren0-F45lKljZCzX-rgiT0b_VXxP-bc,2021-12-16T23:00:31.562063,successful,0x3488fab8b1057499aa1b50195c1dfd8186f61dbf,0x0bfff40545a2250c3f11993e7b75dbbcb11e36ac,0x2f3c9d16fd586f1d52b12be91667861e25fe05d1aac4c9df5ac15996d4e9b7ae,WETH,46.1,3920.11,180717.07100000003
2530377803,7621,1,boredapeyachtclub,https://lh3.googleusercontent.com/NVn7zOuPkpNx38sV58c3MJoFPtFwiefAYhQVtRpho6sTdjJi8ReT61DMKy8Twcr2ldu9pRF3kXzW6w9_JeRbiFOX7UMFJSqIj5yxcJY,2021-12-16T21:25:56.798600,successful,0xfb9d2eb56e88607ee2a77797e35b4ebed934b791,0x647abc6016ab3d97994358c3b6813ab6f226e7f5,0xabc552e2fc860b10c63ab090d01722e9eeca1d2d926a73505354b98ecc30441f,ETH,85.0,3927.08,333801.8
2529388035,6612,1,boredapeyachtclub,https://lh3.googleusercontent.com/PKOUALuzX8Xh5GGPj0gUdwhepRBtu64znmyqkV4YJ6_mUZ-QHppMqOm-2s5Hx3EoAQI3KR3stiOahaFcdalD1O-9l_1MLX-iC1sr,2021-12-16T20:08:34.758662,successful,0xbeeef66749b64afe43bbc9475635eb510cfe4922,0xa53cf9e377334e7da7550e644b815cc5cb74af23,0xfc387a82262428228f0227632264fd2d250743867a4fc418caed48b3379344dc,ETH,59.17773365494142,3927.08,232395.69428164736
2527822791,2112,1,boredapeyachtclub,https://lh3.googleusercontent.com/_atn8ANie1ex2TSWHKPcMTCNXHWpxB6-NFxz2SYOxH85dSI0wIJYBIi74OfQlOYXzUWlzGZWMEWZjbMVjueH0nvBLs9_gd99vRL8,2021-12-16T18:23:31.272642,successful,0x4c343ec99711eb9b266a2ab9d02757a969a92f5a,0xa7846b108defa5894b99f7e7c7544bb4774c5cfb,0xe98204c428ff02ff4ead0f7baf8ef6394b491935cd2f4cfa4f16e1590d8dabac,ETH,54.98,3927.08,215910.8584
2527800902,9041,1,boredapeyachtclub,https://lh3.googleusercontent.com/vv9qWyMtNfmetf0t76eM7j7U_yzjT80bNrbuZjx8vH-IsNwg-3a9_BgLoeclj903VUIYLYrfdXj-jE2bPa0Y_Ih96a4xr-q6kdd3tA,2021-12-16T18:22:18.419934,successful,0x61c2ed34c7e1a408325c5c3051dbd3ab7529275d,0xf76ebe6341dd9dc880596ee1cccffb4938db14e3,0xf52956493f1cd7feafd23a0a7ee9cf8a9d49ded9a409e27cee213fd0c5a312cf,ETH,51.87,3927.08,203697.6396
2527372347,5057,1,boredapeyachtclub,https://lh3.googleusercontent.com/k99yvYw1djEzp0s_kFrF6d2LRWmsXA0SfD_78pm7Zjdn52-exDELpG7-ylNmeity0ESZj1bqtPA8oMXcUV2xWOyU6bXKI2fuQPmY9A,2021-12-16T17:56:58.426118,successful,0xdbe9fe36b710d1ee3f80c0dca9eef065619b9623,0x82f41d6d163e391de6f0657e2c06ed0a8069aea1,0x9de0859108d5e9e94b8b46274770fb7104a39f98ad8b42458efe2e806a89a3da,WETH,52.5,3920.11,205805.775
2526677612,5970,1,boredapeyachtclub,https://lh3.googleusercontent.com/wIirChyf232-OjXw1M8wpa5uSl0P0Y0A9D3nK3N8z_OJ4RRiUj6iHgb1Mk-5ibpmgABAvOHzBn4pC-e1XYFNwyYQmPIvS3ocrmkjJQ,2021-12-16T17:10:29.671395,successful,0xc96d32f17fa385d40e914dc2553138da54ce1662,0xe03503aa247f1b22b9c5659ee33a2713168d2525,0xbe5c865f527474f6ecff12417051ac90fc5bed2e1b15d6020f75bb1f4ca38ebc,ETH,56.9,3927.08,223450.85199999998
2525707289,636,1,boredapeyachtclub,https://lh3.googleusercontent.com/L4qyZIYMWjgD8Ex1bd-kdHjz7qEclr3YLEsmt5ep2-SlL5BsyyWf9cq2WSFo9Flt8ZEUCcu2_KAxkacjAllgcwyjptl4WaqzxQahYQ,2021-12-16T16:09:29.123294,successful,0xd7510a925475cb8377bc8d2a7f1c792022b68df8,0x7afc3fa5b8ae0a896f33228576f801f5653f53cb,0xf729fd3aae446c78d7279ce2508d97925982d170829eed84588346621418ad9f,ETH,64.2,3927.08,252118.536
2524556188,7596,1,boredapeyachtclub,https://lh3.googleusercontent.com/rjAP1gS-xEUU9_VRf56FMvfwcBl4Acn4CxLKCp70sySzJqWp6gMrFrjUql5-LlbPeR9Zbo7ypCvTkZTlwBIOnVIcMraSEv8Bj3S6bzg,2021-12-16T14:54:24.279903,successful,0xc6870009d68bb3f05b2cdd6cc4e1ffdc3d123f7e,0x563415679588e508c0c8f0a729c9bf898406e9b5,0xb744450c237dc1eccfa9014ff978a500cf1669ac4b6c4edd092d8f46dfe1af1d,ETH,46.0,3927.08,180645.68
2523525152,7858,1,boredapeyachtclub,https://lh3.googleusercontent.com/pNfR_ejLZbboqZBqAKXMTgSslhcFbjTsbtK1r7GLkelKKRpbCwDe3NOVXwSHl-qsnFIXSE9TCdbHQkMJF-VvrgeT53jkzzptqXecjg,2021-12-16T13:46:48.504669,successful,0xa422bfff5daba6eeefaff84debf609edf0868c5f,0x34a3adc8ccff21a9a66ddcf2c3eddad989deec97,0x23873348312176790a374f4a3c4d198bd7c495b3a90ea51aaf1545ac52a48394,ETH,50.0,3927.08,196354.0
2522669733,9356,1,boredapeyachtclub,https://lh3.googleusercontent.com/ncAy1o4PPNNZqh9zspT0UWN8Fgx_VpyeTMWnxh39jKBNoAUvS9xo4rfQ-SbwxvYp92i8KG4iHRfamoEcLjjwCWfGDZDwQmHxy2r_bg,2021-12-16T12:44:27.334693,successful,0x13880821e1d2453e77bcce113700765c65a0df90,0x76ab86c6fb65179a2b1cb827fcd59ecadd6dcdcd,0x84a1783a1bf741ad69cccd1f6bb94405952818de83e434d04689a306558b1e17,ETH,54.0,3927.08,212062.32
2519187454,8625,1,boredapeyachtclub,https://lh3.googleusercontent.com/wZRFBvXMsM_EhGM5cuy5giXAr--EsjABD1VERK-YgYEu2g3XpBVI8aCEgIkZ9Tq5FDIcYE812ljyQzZ-3yUYowx4pQD8vPSgvWFhNg,2021-12-16T08:25:24.720882,successful,0xa7addc84fa4c67fc39e28f8685fd78024c0cab53,0xd93fc91f195670c9d10a55eb0f05a0ceaddb3be8,0x89e28d7c0206e624267cf6d148ab365bf1c69296be72c162bdf2cccccea54cc0,ETH,60.0,3927.08,235624.8
2518654592,299,1,boredapeyachtclub,https://lh3.googleusercontent.com/L107RLsQ0ql-lb9rvBFcKWkav9TBzWtge9TQhOUTs4sEjrF8wxpTiZvdOMYZzh_xZfpmmPEcJsA9Soe7R8iF6POyjd-qe0BdTQ3M,2021-12-16T07:48:20.027292,successful,0x34a3adc8ccff21a9a66ddcf2c3eddad989deec97,0x56d3b70cd4b4b4d5ba98d6b7b2dd00a46bbb1926,0xc2b974cfe4bf67d1bcb7f2f5cf68384d0d4b2ca04745b9b845e577f08fba781d,ETH,85.0,3927.08,333801.8
2518648549,5738,1,boredapeyachtclub,https://lh3.googleusercontent.com/dkariAA1F6SDFhK9vDyIYgvLb7ZGLitghS8no9QUXknRJuWagxozmwlHLMAhboL7vqKTyhr8bhH4AfoqUsBlfDaTprAOil4P0OEKUw,2021-12-16T07:47:55.541268,successful,0x888c1b86000bbbdb2223a0b89e3c82aec9d94297,0x39b41e5738711ad037c58f95105ee9e88230ba5c,0xb934e437abf80f13a56d64f8fe5797eea5949bb012a207f66cbe1913c18b0988,ETH,75.0,3927.08,294531.0
2518642465,2283,1,boredapeyachtclub,https://lh3.googleusercontent.com/Zowg5IhYLcvy_qRM-I7FAEXemDgBz_3R-js-urBUVxQzRf8wZdgXqaayukbH_47TMEubl6h0PbZZuDbGk-SOXg7UPBbQEOCbRWN3,2021-12-16T07:47:29.552575,successful,0xd93fc91f195670c9d10a55eb0f05a0ceaddb3be8,0x5781d870c6a78e9abe334d244840dd072075c2af,0x9bfeba70580dc841893227dfef433b4f642efba477e0aea1782b49ba6860beae,ETH,85.0,3927.08,333801.8
2518605746,3199,1,boredapeyachtclub,https://lh3.googleusercontent.com/_RopDgD0MIkqmssVr0WPvka0Bk3gh7iQhIQpVrYnWcUYFHU9RrTWFwLKpQ9PxECclPPfSRm5gPHFbeTqi-iSf8fZsp79PEd9sGn8,2021-12-16T07:45:04.333777,successful,0x7272176d42f5addde8914da7aa03b9ba4d53d2c7,0x97c2e39da8d764417d53483b9f3e8863f27df881,0x70d29cabe508c5b8af2cf5a5247fc33ebd682e294b4b2afb0df05d2c015e1799,ETH,69.0,3927.08,270968.52
2518567211,5678,1,boredapeyachtclub,https://lh3.googleusercontent.com/jVNg2YlCI59tYUe0DP5sq9EHdPTJBQR47g_ziLwSJg3vUFiPm9CopdjZuoyXtQ6ff2tf0u9S8lcwZHFdEf4t3H5-ycFIw-LkEdgl,2021-12-16T07:42:38.771251,successful,0xb706d0d76afd6989840753f817d17b9461307fb1,0xf9665261da434e9b17c0ffac61ff8d3a13f195ea,0x6f9e38903638340000b5de8e68b1c0217a5ed9df5c3996f713e458c4a0d1923f,ETH,68.0,3927.08,267041.44
2518559114,3200,1,boredapeyachtclub,https://lh3.googleusercontent.com/ELVyIS7VLWlwBImG4qmHedp6kwg7bfmRI0Nwh8WTC9Ia_nDL7vBLiEs3Kfq6b78DzISV27974BK4wOFUn5v_elXYDn99u05GKXGIKOo,2021-12-16T07:42:08.967481,successful,0x53fc455b233dd970c2d2c1bf2f3fa5543df660eb,0xb3599805adceb29ec851accee5b34e1f367179a6,0x0cdde50e08a9aa8aa7854fd6e314411e3a60e644750f979523f6323fd3c447eb,ETH,59.0,3927.08,231697.72
2518507416,2766,1,boredapeyachtclub,https://lh3.googleusercontent.com/8jQXNPhsXat2JSuMIh1YJpp7GJDg_wWiI1YUC-HgIO6hdHvqV3y2YSDyZKClWKbjzgFNrSELlLqmjNml2exOt547u3KMYcfnP7PdggM,2021-12-16T07:38:48.244425,successful,0xa3ca4e6862390addffcba1433cdc62a7c6fab1fb,0xe8f1fa38ba914a1c0fd0c3132c32420abb1dec77,0xd8e22eea3eb150830b48b8c0a027cb109a15849e061c7179e1ccbc87399044e2,ETH,55.0,3927.08,215989.4
2518260036,9080,1,boredapeyachtclub,https://lh3.googleusercontent.com/e8c3V_MX-aSnkEeiAX-2ogCNMKsJc9vZqw5-MzklNYtUGpyLYsUWcJjGM_Gex6LA54Fl5VXkFU2xYfy-9y-R5eer41hl7Dkw1uMliv0,2021-12-16T07:22:38.511808,successful,0xdc2db9a714a2615699c743c20812644b7766a743,0xebd56d05f0bda48e16aff71308576d9885a78368,0xb13f7e72a126d5f0345bf75de914ff00898872d45a0c7f1039ad70cab380c45c,ETH,69.0,3927.08,270968.52
2514432018,682,1,boredapeyachtclub,https://lh3.googleusercontent.com/ppx1GYbzRqrtyMpLY5nGRa7xHgk-6tX_v3gjAErxm0duEaafJzCWJnI7mSzW1gPfuB2aIG_hW4D2y4aO1Rs40ONfsR0MYSmMEfNCeg,2021-12-16T02:57:43.166863,successful,0x800366f5cb71966d5e10fa4ee0222d2395588d2a,0x1844cc9d499d934271438a193561671a1d7ef5e1,0xabcaf6b3b1a08fe7d3116df0afb857ae1e21d5a2b077193826447fa0132c4055,ETH,105.0,3927.08,412343.39999999997
2510414948,6924,1,boredapeyachtclub,https://lh3.googleusercontent.com/ib8Ckkvgj2982X8JKiKcqYGSQ35inQf-SmATmptft0tp5YbyGtKSztDol3eoq5lpZREVlQqeE1-86ywuKsV8KFOZCSt-Sz4l3xljaw,2021-12-15T21:50:25.504601,successful,0xf0299565cf17d7ab5d6805a70e995d93abe031d3,0xfb9166fb3611e1c3cf7f44b51c14ed381e1e55dc,0x91678ea6f515a3a2283d7c43742e369e97e24092e43143ec3636ba462e1dd4b1,ETH,51.9,3927.08,203815.452
2510307023,9448,1,boredapeyachtclub,https://lh3.googleusercontent.com/T4HUmDtBwXnAO_LHoDQNhWz0tHYNOTjokgIEQxgv-SkamT0kYjwzUE6NN9O82rvFt8rM8GktqdrA2Xde2ywQR56MNfjGw5aguAKi,2021-12-15T21:41:49.379808,successful,0x7d544a853dbcd39a53315e7002f4951a6d2f080d,0x16205a6048b6af17f1ac1a009bbf2ed9289e6921,0xb6893af57cde4416b17a659dbed3b81df469e3f9e17b5f4145a08bddec83add7,WETH,64.0,3920.11,250887.04
2509866229,9266,1,boredapeyachtclub,https://lh3.googleusercontent.com/e8s_0Tg-qNkRokhqIiqRv5QHj9QF2AFSO1ciXVoekJwm97SXsJ-MydSRNGQLjPei87jocw89xRX41-AUdqmlfuC7aelqrV0ZXfaq,2021-12-15T21:14:08.926053,successful,0xef6d69922bc2d038cb508086846524f8011c4a74,0xde700c4cf27f635741dbb09a0664cb07600b8200,0x0b33e5afacf08910ad63908a1641dca6563f716762be082b8bffa0f315ab1e0d,ETH,53.0,3927.08,208135.24
2507048918,6642,1,boredapeyachtclub,https://lh3.googleusercontent.com/4f3MrnjbkIgLfwSpZumI0M64xJ_Wz2ew9QoLFb4L2FIlii8m5zAlOQRTA799u8vJgVuan5onvqYmU5kVUGuUpxiFW7tWzC90CRQw,2021-12-15T18:09:24.850512,successful,0x7a75789832c4fc67edea0dc8aee186af4d1248b3,0xd7de943ca6f4f2e5b21015a04f4ac3a317f75e91,0x04f76d567db0010a28ee4668f550d184696fc3bee48f54a07cc681d3f822867c,ETH,53.0,3927.08,208135.24
2505354176,2528,1,boredapeyachtclub,https://lh3.googleusercontent.com/6vikI0rw6UBosMEkRiiap0wqew1TQDWm8qoCBTZrDTOYbqltePCasrHnA-XV_PQhbVgTxHN0616cndSl6v9_PGPPUV6L7l2Y5kzicQ,2021-12-15T16:15:53.808276,successful,0x51270b2b92d1080a27d05c6ebcdedec4824d5efb,0x5f0b2fb6eb418ab88d4d09d21baedaff72eba2eb,0x505fd2e8396a757be183b46fdade82833dd7d87ce488c0b093d08c48d83d0866,ETH,55.7,3927.08,218738.356
2504464808,3026,1,boredapeyachtclub,https://lh3.googleusercontent.com/IT_YDNSmazwYNZWm1aZVkF4SQP2mLS6baMX3DWTCV67itmcPU4mahaXvPfN2UURWqEXNP9waItfS-Y5bU4w-ilik5M1sXE2mdxF8PQ,2021-12-15T15:16:07.148140,successful,0x8b0c8c18993a31f57e60d81761f532ef14633153,0xb12ff4134da4a1ca511c711d61d73c62389d42c7,0x7e8510b33f947827c834ce14dd3cdf4291db09430354073e3171d8600e5286fd,ETH,60.0,3927.08,235624.8
2503610794,4627,1,boredapeyachtclub,https://lh3.googleusercontent.com/dgb4ewAddUDhVZh3FtxpIvlWyjw9bEn0KZTAWP_s4Sd5n5f2Dw2E8HUL8yf2h8UGo-2A5hvORKmiILDTUhvl-IVYcER3w4CHNAY-,2021-12-15T14:15:13.088197,successful,0xde700c4cf27f635741dbb09a0664cb07600b8200,0x8ad3fea43682b1041bda841a0599a495d744213f,0xb070448385f984ab08405498c5e919c88a2945564a9afdcafe49c509f0ebc9a6,ETH,60.0,3927.08,235624.8
2501885893,3269,1,boredapeyachtclub,https://lh3.googleusercontent.com/gURC_AHXajgn2gQJNdmwKvpq6Lu2-KH5Gc3gN2tlrm_pXXfoyfWMnkZ0bwBofh8RBaNvS2jGgnQkF4xw53fzEDw_9oMzZ_lQhSSSvA,2021-12-15T12:05:16.457375,successful,0xae545300740d789791e998c2e655fdafe6341690,0xc363949453d43ffa89a7b9af2b941082e2afdf98,0x4165be2e56ff652bd39227b97b013fe77b96048e1f3b5867e00499d8e2ed6e24,ETH,56.0,3927.08,219916.47999999998
2501285386,4205,1,boredapeyachtclub,https://lh3.googleusercontent.com/AaSFtU2eSi6q4dSkgfKkFMQfYdJoXhQqaKOMd5Zzr7wMMd0x2X3iH_RPxA2JTNAJBCrag6vph3gNKesv-FqkozIRxf62SMI7XeUT,2021-12-15T11:21:05.684875,successful,0x36c1625e5ee6fbfa9fadd4f75790275e5eab7107,0x6058d4d239ff1e4dee33e35437a9eaccb09b8edf,0xb32c8e1deea948d4aae311225b7e9c261ab89f693c8a49a59b7b585fa07ff290,WETH,47.251,3920.11,185229.11761
2497803676,6868,1,boredapeyachtclub,https://lh3.googleusercontent.com/O4vEbJdrt_zZqGGW-gxtXto0JjCv4vakMBm8Ndq7F4iY5wlUZAIRb3NJ4lzObW3tmx9dfLcgCuBkQGq-FTkJArMNQfKv_7zEEf-UQQ,2021-12-15T07:28:39.018746,successful,0xa70b4d042327d7da97c6db480be0549f4a4642a0,0xf3b0f4411c77c60a132003dbc01d58fe137b75ae,0xdd819dcb0f2b340bef674f69084fd0639e2681f768a5b1300792620d887b0fa8,WETH,49.6,3920.11,194437.456
2495033816,4676,1,boredapeyachtclub,https://lh3.googleusercontent.com/6zpVeLKcHwouR7Rwk6fHqeto13f6qFd7tZv34C5VF_JeG9L_JrTXbbEW7Qpe3EU_Zr7nobo7qzY5PZL8y1nDw0Xt9BAR7bq4cL4meA,2021-12-15T04:18:28.974316,successful,0x586f4a17c9b3765811de88a9d5cfb77187ae631d,0x68b3778679e6c88a19f612dbec9bacc3a4e52d05,0x6e0263b21f1d4306764cd3c221da5983b494751bf0ec31f241a57ca8d3aca19b,ETH,53.99,3927.08,212023.0492
2494285344,6068,1,boredapeyachtclub,https://lh3.googleusercontent.com/7pWRbL2jX5Shwr17q8oSK0G0iqMU4TSglI7cVtmN9RLopkivKaGrWHNLuu7hMwov0Y4Iju94dUGohlEkuWWTnfaOfyo78iS5uLvADQ,2021-12-15T03:31:03.129950,successful,0xf6a39754ab1a18d19d2cf01dd1941c4b0d2bcf15,0xc124a73088c871c13d03554da0a11a9c11a651a1,0xd1c45bcf1e5c37ce7ccfa129f8ec30d71cb274c8f2e82244b151d9a5c233ea4d,ETH,53.0,3927.08,208135.24
2493935429,7085,1,boredapeyachtclub,https://lh3.googleusercontent.com/qni-bv8JDvPvUNMUNOe2SkuZ7qZQYNG5A0DM1IbQDvX2kNVTLNtuEceQsO0LIQhIK_JPWSsjObcM6A5N60irrMQK9JEbJ0bdx_1uZSs,2021-12-15T03:08:55.392820,successful,0x31a47094c6325d357c7331c621d6768ba041916e,0x13e89fbe1b1ec29ae3e0c2542c4812e1511f48d8,0xee6d333a90a99a420885f4483f4daf5cf05b8a8a3f38725c38fad5246348a18e,ETH,61.0,3927.08,239551.88
2493137167,3847,1,boredapeyachtclub,https://lh3.googleusercontent.com/-Sr6ASTOMZzRFh8uhSmse1VuEevEtm5oYrJi_qD9GC_AWDIxcZZVQnIzxWu38OrIc_8Fd8HQ8OAcTm648qEiYjlV79gkZ-j8UAhrZlU,2021-12-15T02:14:36.189407,successful,0x82312ff861748b95011a7908aa4a89861a736f2c,0x9a33124dd1a12903736f225ba97cb5fe4615bb7d,0x0a24ddaf87d44fdf3523b1b944724352ec21cac62f1043f3a9b40f01839e6948,WETH,50.0,3920.11,196005.5
2492482584,2752,1,boredapeyachtclub,https://lh3.googleusercontent.com/UwFMQAWth_r9LRE4dG6_TRSj7SGR2m5ZzHNwzS5IDTJ_2wxj8nPgMOkPRrculcU5Ro2JosmYOxZ_cclOxWhobD7OQkvgHouzxzkd0g,2021-12-15T01:29:01.934104,successful,0xd09ee980d04e2e03677aaac086e0a7b5006c180e,0xb3ee5011a7965905cde351ea4905ff4725189a3b,0x38b2145df04b4bf708e298eecbdca4674917f0fa0cfb1a124b8f9d5f27379ecf,ETH,58.5,3927.08,229734.18
2491745957,6590,1,boredapeyachtclub,https://lh3.googleusercontent.com/IstyvxyqCus9PfC3JxYEu7CYNS6plkzcTgaD46da3-TQxUeOmjiMPYEbtd0gBidD0kaReppt3Nwzl_4k2PfxlUSS-L3FIE47Pdtq7M0,2021-12-15T00:37:55.070875,successful,0xfb9d2eb56e88607ee2a77797e35b4ebed934b791,0x010eedd019d5113db3dae508f9a79a980682dd75,0x73623c2b09d16bbc69f1c72e1bda3032d1545d29069d98fc918a3c5786da4bd8,ETH,70.0,3927.08,274895.6
2490380008,7837,1,boredapeyachtclub,https://lh3.googleusercontent.com/H5GScKDcJ2Y1Jb1tWpJYugVeyK6dpyDxBv9g1apsTd2FXuoJphEgmU5ibZCuzFk_LHHM3l51zppCNv6NLWAUU1SnbeDIzH5wHj9nuw,2021-12-14T23:09:44.867134,successful,0x14faf662e4631189d7c5e32d13391cd9fa06d68a,0x8279648470eb92cbcd00ceb8ca30c2adfac20740,0x0588547ff80c87be362dc9074db22fdf4bc79ad1afdba8ff296611251cc801c0,ETH,52.6,3927.08,206564.408
2489694425,9854,1,boredapeyachtclub,https://lh3.googleusercontent.com/-9cMB4VA9VkpybHsU7GRCYd_wFTGn6EMctGknpilVYAOhPHZelLZS4HIu_ogy_jxz4TO7gShTeIc9DGe4oy5Wz9ER3_riafzY22d,2021-12-14T22:27:17.115963,successful,0x563415679588e508c0c8f0a729c9bf898406e9b5,0xe093b32e23646248990d121aa02d2b493b538e41,0x7506e56a5ab113b1b7dd72f1eb4636a261a9fdb181aa1fbfde37d52d13f9546a,ETH,159.69,3927.08,627115.4052
2486518092,4661,1,boredapeyachtclub,https://lh3.googleusercontent.com/-f7YK4VSVInYbooU-4guFxHjCVcFxyH4aQHE66PqtCnwVKMvSh53TPuyHWvH4kw9EoSuL_Q1RNIoNqs4SJy5S2fxWeBOURd6tlNsAw,2021-12-14T18:16:45.772293,successful,0xc2079e5b077eae969dbeca3747bb855ae9df8f3f,0x1213a3e832ccaf762af3ec5742b861bf59f9bf6e,0x8dff5c29ac32fa773f6c7684a7c9e3950524402688d6d79f0d672d3a426217b3,ETH,59.0,3927.08,231697.72
2485941207,2752,1,boredapeyachtclub,https://lh3.googleusercontent.com/UwFMQAWth_r9LRE4dG6_TRSj7SGR2m5ZzHNwzS5IDTJ_2wxj8nPgMOkPRrculcU5Ro2JosmYOxZ_cclOxWhobD7OQkvgHouzxzkd0g,2021-12-14T17:32:56.012301,successful,0x277b68855f7b72b026d166068bd83403bc2821c3,0xd09ee980d04e2e03677aaac086e0a7b5006c180e,0x8b62523295513e8d90c342e0d22a896cb5e581b92217893b96964456f993f566,ETH,50.0,3927.08,196354.0
2485889887,8765,1,boredapeyachtclub,https://lh3.googleusercontent.com/oqNHHiMdLG5QLAZDKcJgyPwRmEG9Tps4d8vp0f4uIfN-AJt4Xy9j2HD_5BiycemoaNotXMo0CG_lsVHwG1lbUXdjo_TjBIOsVXGl4yA,2021-12-14T17:29:09.223075,successful,0xa98220f6dc5dfca27ff19605a0a6d3e1dde4cfe8,0x245719eddf2d68ebf8aa54db2550891128962b42,0x7d1951504fe923586f0dfb31adc90952ed6f5c9661d4706248157b2897267636,ETH,56.9,3927.08,223450.85199999998
2485765785,5923,1,boredapeyachtclub,https://lh3.googleusercontent.com/tRd711FUXRMzPyIC2Ojrbit3nrs1fWnvc4GhL4O23Y7GQWNy4dZeXjrl8LHsQGsLq0ns8Tj2B8GckfG5ch4XQX9UeuDFeQKIwoCsjQ,2021-12-14T17:20:27.808328,successful,0x245719eddf2d68ebf8aa54db2550891128962b42,0x89e26db5920113d3cbbe571ac866dde1d2b93b99,0x68510f8bc28d916ac36f7ae0fdbcbc790094ff2f1233f46f2214a609526a38de,ETH,51.75,3927.08,203226.38999999998
2484188845,1150,1,boredapeyachtclub,https://lh3.googleusercontent.com/30V2bOI3VJ4kKmqWH--9y2nsusE9L9gyzM01JDdM_-yCabYhrapiYysRiGLc4o1-AzPUWndNI07ZVjhoLZ_mza1Yj6jWrz9w45DZ9w,2021-12-14T15:32:59.303853,successful,0x800366f5cb71966d5e10fa4ee0222d2395588d2a,0x6058d4d239ff1e4dee33e35437a9eaccb09b8edf,0x51df45acd6cd3f08d910e57489702af1290f4c258bb8b62420e0f687b5f9493b,WETH,48.8915,3920.11,191660.05806500002
2482237537,9303,1,boredapeyachtclub,https://lh3.googleusercontent.com/ZmmLXBnnZ-bhpKBFPgVdWXG9lHImHjwKNpCEWI1gH0YKWMZGjN3sxYauui8TSvraeZaFBKcO-BFSIuzvQkheWDJ8BnzWWBi7DRYp4w,2021-12-14T12:51:21.729554,successful,0xb9fe66b3440edd0cf5f1d1a55c75f8a8e59b6cb2,0x1feb9068363bc9f674a7598ee35c44a46eee064a,0x73ae36cdc359ba66d0cdc03fca24fdafe857b1e82aa06e257bfecb4884b7b4b7,ETH,55.0,3927.08,215989.4
2481706779,8620,1,boredapeyachtclub,https://lh3.googleusercontent.com/tnDB6qr3N1GR6ad8ME6H6FfHPUImVewgNynTnIAtun4gEBaPHMGJaNu6vuy08S5SsLrX6IUm7rbBZzvLcXmXUfxzI39W0BI_HMT5DXE,2021-12-14T12:05:54.577962,successful,0x2c2ed4b3876c442fee80bee76ce0ee2ca2a512af,0x6f2b5132d8482ad2f295e553a4dbfacfb6312bf7,0x729c47cbcb75fc231cd4e01ebcd3a7ceb76212e8240351a9ebb102f7a08eb508,ETH,59.0,3927.08,231697.72
2480016924,8397,1,boredapeyachtclub,https://lh3.googleusercontent.com/VpQ2_lLvPbUCydB53unTMc6cMOggydDpABY2UJDSKjg3KNSPt_HRm6kvnkKAUO39zzE-OUc7vwdbshuqQBC_u5sGt5oh6hMgUaKxXQ,2021-12-14T09:31:18.690250,successful,0xf6bb6e7e886ca2c12478a46b27d87ceb8aa28a2e,0xfc7d0729639bedaabed8e948e35829276b842be0,0x5584a38e0e1bca9ccba1db4514d5f1c2f8c330a53cc83f088e517c6d3983082e,ETH,66.6,3927.08,261543.52799999996
2479754655,7248,1,boredapeyachtclub,https://lh3.googleusercontent.com/XYJ84nvat2kNrDOgZIbJTbig6w89fnz8DLwXYfsgd4yuisjLw5JCzrd8Goy9VxEfM6dB1mq623FNawM_K0VnjcesJJ5JXhssDky-SXM,2021-12-14T09:06:58.994795,successful,0x82f41d6d163e391de6f0657e2c06ed0a8069aea1,0x5c7c6d069ba232718f37c27a9549b547c359e31c,0x29ac2e63ad05090aa8791be3172da6f6158aadd30466725f96f8316301b0c1ee,ETH,68.0,3927.08,267041.44
2478439673,7057,1,boredapeyachtclub,https://lh3.googleusercontent.com/G-VR5beJGsSBy0VH3f2Fq24-CcYEnyAO5XAKCUbcPHXW8WwpAJOgWuUtpIXexxVIaeTNNs2SqnsmFH-q9cxb55BRn5uCNhAHGM3d-i0,2021-12-14T07:05:13.349283,successful,0x3a9ff9107f305f3206aa9096b4b31cd6c5e16f42,0xd760ef23c9a203bd3718e91fc08b412ed49c5846,0x10c3112bba9dc683cf033397bd830d9e64eefcd4a8031bc4220a3cefebe3342b,ETH,50.0,3927.08,196354.0
2477000869,5089,1,boredapeyachtclub,https://lh3.googleusercontent.com/zfVedfYKjqIwueCynZSe_8QOLEBbXO4EPHxPknZ8QfzHTN-jwP-7facmXe9ZvUDJvNghLv1Fvwas3w287Ii1XYkoQWMLU3CsDwSJTQ,2021-12-14T04:56:23.709836,successful,0x307e1cd1e0f955feeb032cd7ab1df3367dc34b2b,0x0ca6fe18b7370e99735d2b5b1b6928f78ab4725c,0x246e0f7c512bd0d28c012c671a28398c7fdeb8d276c0be40e018f45cdccf4fae,ETH,56.98,3927.08,223765.01839999997
2476500593,7017,1,boredapeyachtclub,https://lh3.googleusercontent.com/KrXJMh9Glkjlu84CMq1taOeGHwZ9qlAZd2ENBnMZdl_TeayWxmkgpUTICiJXLbXo5wwAOp8zK3PjLTCLEahGAyGy0_15TEAGDCj_3g,2021-12-14T04:12:02.909189,successful,0x563415679588e508c0c8f0a729c9bf898406e9b5,0x7071246948ecad9ecf4769323a93109f052783c9,0x11c4c332e9ab342a77c9601b1f8ce95fddcb02f16d695a82ceae860460b8bdad,ETH,86.69,3927.08,340438.5652
2474267012,5406,1,boredapeyachtclub,https://lh3.googleusercontent.com/CKBnmzROdGmzZZMFIKZObTDGKRlBgZhTfv_6hrtSEfb9krXVLRq7A-F1vKsYYX31gSKtiUYWiW-9_35KfTJwO8dGeGl9HQla00hG,2021-12-14T01:05:19.979411,successful,0x6e8a96dee46b02ef2e02a9488096bcf9a8bce43d,0x160590f7ca4b5734b4001b8ce65b4b24b2c9b3f8,0xfa733d08a4e442bae0e008bc2d28c8cdd7f7efa7ba9bfa57f756aaf5739e3238,ETH,63.69,3927.08,250115.7252
2474227921,5669,1,boredapeyachtclub,https://lh3.googleusercontent.com/5bHTPwchBRSLG9FzmT42pCHrVJwcdl02McZJARNuo__9nrahpbaoCUKdak5zGKXpER46FHiWxQLinHYX6n3WuYCmbCquBTBcO5kbDSg,2021-12-14T01:02:18.097586,successful,0x5f7476aca630a79d89b8a1b4d92fc91c65c01abf,0x160590f7ca4b5734b4001b8ce65b4b24b2c9b3f8,0x8107c8541d9db6bfcc83847b08a279c9d103470e6e089e3fa24120043e7d58c0,ETH,76.0,3927.08,298458.08
2473889637,7627,1,boredapeyachtclub,https://lh3.googleusercontent.com/5evbO48FziMSlFTWUfDnmlIyN-2G3CerkUMPQ3vpbtBVznh8bQ7JHkI6rkqZBbs7R9GuuFqVSnpd1Br4mUJqokZxtYrEx7wB8XStDA,2021-12-14T00:34:15.574273,successful,0x9a33124dd1a12903736f225ba97cb5fe4615bb7d,0x4217bf4983dc638d8dcee391c130518308a803ac,0xe431610336ea04d4e2f279349cdc89e99c7a61d473e52f499f7ec96e420df4c7,ETH,56.95,3927.08,223647.206
2473077860,7876,1,boredapeyachtclub,https://lh3.googleusercontent.com/dRJn-4ZZ6sBKXGQzFgb5ofE6ZbCAHNGjocfiJ4Zhmr5p0gZ09oYiZccHIvnGfmG2YoJ-3tIqHHYCR9R2YCXefnnf-Dwy-bvIupc6ErU,2021-12-13T23:25:48.528496,successful,0x2f1c5d621120ecb0da579df7c06633e56d9c31e7,0x7c88c6368a84b37b1f18e58f42e79771703a2f66,0xa81b3f9af167c59e86452c4c51416b45b0bb9e565de885ae00cf8fb44bdef40f,ETH,54.99,3927.08,215950.1292
2472840213,2616,1,boredapeyachtclub,https://lh3.googleusercontent.com/g2t_IGVUS_HL9RxYR6Lkqsbft3bnve9FlS3INthAD0cy1Q4SQOzRvCj7y-U49Gp6J-Oxq0iqO55MK9n12G_vSHIIMyMVdpcGejFBlg,2021-12-13T23:04:36.648185,successful,0x1f6b29a3714e7b51478cedfd2a02b34ecab291fc,0xd2dc28f65c76510a4a930d28664a60828c4cf64e,0x22f5dced7d275a18ef692867906e2095915dd53832d4eb4fb7d0bf24e22be325,ETH,59.99,3927.08,235585.5292
2472442900,7832,1,boredapeyachtclub,https://lh3.googleusercontent.com/k-SMErQ_ug0tUTmvWAmkE-K-HHk3exudYagVl_BHt2qLzLWArLBb-T_DY9sjRK4H0T1Ed-VVlI4ez6al1u0y1lMXC7lRVL9_xBZU,2021-12-13T22:29:06.090455,successful,0xa52899a1a8195c3eef30e0b08658705250e154ae,0x46dca395d20e63cb0fe1edc9f0e6f012e77c0913,0x7cda188490d9cb62f0e41641268d4d23cfeffec324445349de5513760a341c61,ETH,53.98,3927.08,211983.77839999998
2471870863,5920,1,boredapeyachtclub,https://lh3.googleusercontent.com/2hU_a5l789prM2wtoVoE-mAS6WvMAXWfB9e-v1QBIam7uar1S4Unu2_0pFVAolFMwHzkQuWwM5EIQou6DU95hHKkc2JNN1eV2jLG,2021-12-13T21:43:10.886972,successful,0x2f510145301d4d49cb5ae3fea034d2512d2a03fd,0xa0d72886894ca485180c446013cdfed992f83ab1,0xedc8b027560e8f8b9e9d13482db1cbe872bcea0b3b2ede3d1a8bf8fa853954bb,ETH,53.5,3927.08,210098.78
2471428524,9911,1,boredapeyachtclub,https://lh3.googleusercontent.com/6NdklgJxewAM6m2OZuqMh8P7a6t9XDzt3SufzDDZLuyHhZBP0DN-Ytl9jRrFRM0KrWfx6VhtCC7UUzdfTZ6RnWz5VXL5nRlQyADHgAc,2021-12-13T21:07:23.145945,successful,0xe1581cae71dfd44e12f5354f458022c89d56b8df,0xa0792cc0fd33b3a9ff31edb3344570ca6329ef39,0xc692741520859d4e192d95e8ea9a6b55dbf6e15028a324429b5228b7636ca6eb,ETH,59.5,3927.08,233661.26
2471371988,3547,1,boredapeyachtclub,https://lh3.googleusercontent.com/ZuezwI42U3Fi8WCEDYOtTOOD8dI6j7Fa_Y4LqIcUJa13wD2317fhP_Y33VxgnnyoC9cC3EQO8B4hNsY0wKWfCOBdQiugEmPWJzwKwRU,2021-12-13T21:03:00.109213,successful,0xc51a41b5d1b4ddf3494ba31a37d54960808729d2,0xd25a16639a20660e558a244e7f07699d90c2eb62,0x9356e0f64e34dced305bfba3546b133f2efd5d0e1e0b06e5ad0cb164a7ad5be0,ETH,59.99,3927.08,235585.5292
2470452368,9153,1,boredapeyachtclub,https://lh3.googleusercontent.com/42L6b9mD1lmKUiPh-sJLMuvCrFJtOqEhAtaQhLhjrjdNT9V-LBlphPs7tEFxzHgKYUfOIDXc-v4Tjx2oktRgrIcDyf_EXBg-mDR7nw,2021-12-13T19:57:45.851689,successful,0xd472b0798421159999e3db0aaa2d53bc0d7acfa3,0x4851512de5bd4d035a56eb95bb4709452091cac7,0x7db05b31e8e8031b4b2263009cffa0194a1aa4e0eced0ce8f4a2f896e475dd70,WETH,54.0,3920.11,211685.94
2467594913,2510,1,boredapeyachtclub,https://lh3.googleusercontent.com/1jWTgz-cSqUpcaOSoWDUC7qYHJi2dc8gRqlWhvuUzYtzQh60bq032xj3wzY4dDQC0DIrfKMjH5gmo4b4usRkxwqpFojYxMIlWRMWKg,2021-12-13T16:22:16.713619,successful,0x5815c2c2a0c1e7d5c1c3b5ba8dd9a4f83dfe62e1,0x8caed19a238929e12cd488f4b7ba6e50ab17c1cb,0xcd42c0f3aa857625e822851b7156d254e8dc29110583b6e15a9f6d2d10322590,WETH,48.1,3920.11,188557.291
2467260177,2510,1,boredapeyachtclub,https://lh3.googleusercontent.com/1jWTgz-cSqUpcaOSoWDUC7qYHJi2dc8gRqlWhvuUzYtzQh60bq032xj3wzY4dDQC0DIrfKMjH5gmo4b4usRkxwqpFojYxMIlWRMWKg,2021-12-13T15:53:35.706671,successful,0xc7e9ad8e3dd5b115313db1689630e5f56e2eccf4,0x5c0729eb02ca60b220508dd77569126f673c19b8,0x1fa058d7e1d7a05c288322432c22921ba32e54282107c69caf5cbf0d939db719,WETH,47.101,3920.11,184641.10111
2466991660,6600,1,boredapeyachtclub,https://lh3.googleusercontent.com/XKpO_6rL_KKM6wvjapofzSoPZqb0McSSjnSt8LBlVVlPppFJlr7aExEs0nFrGD7lugOjmX0-kgUbfC5c4vbJAm_eck36ET5ilYM36Yg,2021-12-13T15:30:44.796291,successful,0x73524bd95c9884c9f274229957d9cd67460fb38b,0x4e9f238da5e74e2d5774c8492191323a23b3451d,0x543265d845b8cd0b5b65f0bc4dd14892017059f92a6be327f61a0f224814e271,WETH,51.1,3920.11,200317.621
2466728017,9985,1,boredapeyachtclub,https://lh3.googleusercontent.com/TlZJC_41SghB22GqQ3UhLiihzwrs_kOlO1WH_kJExxmheRTqhd8yI8ERRUwPeIQRbfDqgIYmHfbQQFnI-B5G4sPXzOA8dHJlb8ANaw,2021-12-13T15:08:32.167071,successful,0xfcfb7c0954f5c82d1c81214560d540897ffd9aec,0x19fdf9e73b5681766de900d20dca4b6b43246b7c,0x5623534349f294360c6f3b2a2013a301c6ee70d9293d3a5f650f98bd184d6c9e,ETH,65.0,3927.08,255260.19999999998
